2950 5144
412 431 422 450 ⁰
518 475 764 547 caaonrcon.
1142 482 1185 552 or

98 681 161 740 lte
174 683 326 743 risione
343 687 470 745 sancet
486 689 655 764 Ludflert
671 695 713 751 tn
731 695 872 754 soram
889 709 1078 770 precam
1094 700 1157 762 ssa·

11 769 13 776 ’
161 772 340 837 turoam
357 782 545 842 malorum
561 786 604 842 tn
621 787 747 844 Frtste
764 790 1110 859 perpetrandum

454 889 527 946 per
543 877 811 938 normannos.

11 887 13 940 Ι

11 943 13 1024 l

11 1035 13 1184 l
525 1077 612 1146 ona.
635 1079 745 1148 xxvi.

124 1287 271 1374 Cumque
300 1299 429 1356 sanetus
462 1292 623 1379 liudgerus
642 1305 713 1380 post
733 1298 848 1363 multos
867 1299 1042 1368 fructiferos
1062 1302 1184 1370 labores

11 1379 13 1450 l
81 1395 130 1458 ad
160 1395 323 1480 proprium
351 1399 453 1464 solum
496 1401 650 1478 redimet,
694 1413 725 1466 et
757 1413 834 1468 esset
865 1405 1009 1490 quodam
1034 1407 1075 1470 in
1109 1408 1183 1474 loeo

11 1547 13 1594 t
81 1504 259 1568 nativitatis
294 1525 389 1581 sarae,
434 1508 489 1594 qui
522 1508 637 1574 dieitur
667 1511 826 1578 Wieremn
849 1514 892 1595 (Ἴ
928 1513 994 1596 (seu
1025 1511 1184 1582 Frisonioe

11 1629 13 1652 ⁵
80 1613 265 1696 wicram),
294 1613 349 1678 nbi
376 1615 413 1678 in
442 1614 634 1682 haereditate
662 1639 719 1684 stra
749 1620 911 1688 ecelesiam
942 1630 1179 1698 construxerat,

11 1709 12 1738 ³
78 1732 110 1788 et
129 1721 252 1786 ibidem
272 1723 495 1789 monasterium
514 1725 652 1790 tundore
672 1726 872 1804 decreverat,
904 1726 980 1793 vidit
1010 1727 1043 1792 in
1066 1731 1184 1794 somnis

79 1828 254 1905 visionem,
290 1830 457 1914 quomodo
490 1831 641 1897 Dominus
672 1843 744 1918 posl
775 1854 831 1899 orn
863 1844 1007 1919 tempora
1026 1835 1183 1902 malornm

11 2013 12 2016 Ἴ
79 1936 248 2000 Ιιοιιιίιιιιιιι
279 1938 461 2022 iniquitates
489 1960 547 2022 per
577 1941 795 2007 Nortmannos
826 1942 946 2010 ulturos
965 1953 1055 2008 esset.
1097 1943 1182 2011 Vidit

79 2067 221 2131 namque
251 2047 340 2131 quod
371 2067 391 2110 a
424 2046 600 2112 borealibus
631 2071 688 2134 per
719 2071 807 2114 mare
835 2050 975 2134 partibus
995 2053 1183 2136 caliginosae

11 2111 14 2208 i
79 2155 244 2240 quaedam
276 2154 513 2240 taeterrimaeque
544 2153 644 2220 nubm
677 2167 894 2241 exurgerent,
927 2177 1010 2242 quae
1030 2159 1182 2241 paulatim

79 2264 182 2348 magis
215 2283 256 2327 ao
287 2267 384 2347 magis
416 2262 701 2338 increbrescerent,
735 2274 765 2328 et
797 2283 853 2328 nro
875 2264 1006 2332 tandem
1027 2264 1140 2332 mole
1129 2285 1183 2328 sn·

79 2380 230 2456 gruentes
250 2371 346 2436 solem
366 2371 623 2456 insequerentur,
659 2373 827 2457 ipsumque
847 2392 867 2439 n
888 2372 1050 2439 maritimis
1069 2373 1183 2438 Friaiae

11 2505 12 2540 t
80 2481 162 2544 loeis
190 2500 230 2544 es
260 2480 449 2543 intuentium
479 2479 579 2544 oculis
610 2480 737 2564 penitus
766 2479 984 2556 abducerent,
1018 2482 1106 2548 unde
1138 2481 1182 2546 sic

82 2590 144 2654 toti
185 2587 299 2652 Frisios
335 2586 445 2671 ingens
474 2586 577 2671 caligo
607 2585 832 2672 horribilesque
863 2586 1011 2654 tenebrae
1043 2591 1183 2675 ingestae

11 2679 12 2682 Ἴ
80 2699 218 2772 menet.
250 2704 282 2759 et
310 2695 453 2759 immanis
482 2692 672 2758 habitatores
703 2695 796 2759 timor
825 2695 1002 2778 perculerit.
1047 2698 1083 2760 ln
1115 2720 1183 2782 quo

82 2825 228 2869 moerore
258 2804 334 2866 dum
364 2804 408 2867 sic
441 2800 637 2887 aliquamdiu
658 2803 878 2886 persisterent.
909 2802 955 2868 sol
987 2821 1019 2866 se
1050 2804 1182 2870 tandem

84 2935 125 2978 ex
148 2921 251 2976 austro
272 2928 483 2996 recuperans,
515 2911 545 2973 vi
574 2929 631 2973 stra
661 2908 805 2974 tenebras
825 2909 976 2978 invadere
996 2919 1093 2996 atque
1114 2933 1182 2978 sen·

11 2965 13 3080 i
83 3023 141 3086 sim
173 3020 279 3084 radios
310 3017 454 3104 quamvis
480 3017 662 3102 pallidiores
691 3017 834 3082 emittere
865 3017 1041 3094 videretur,
1076 3018 1182 3086 donec

11 3193 13 3216 J
85 3132 127 3195 ad
156 3127 323 3214 pristinum
354 3145 492 3189 reversus
522 3126 629 3190 locum
661 3125 783 3190 detersa
813 3125 949 3208 ealigine
970 3147 1091 3194 rursum
1110 3130 1183 3193 uni·

85 3257 185 3303 versas
216 3235 317 3299 nubes
346 3234 471 3319 penitus
491 3243 686 3297 transmare
705 3232 862 3320 abegerat.
906 3235 1010 3316 Quam
1033 3237 1183 3302 visionem

83 3346 159 3412 dum
182 3344 230 3411 vir
260 3344 314 3407 Dei
343 3362 441 3406 mane
462 3341 572 3405 animo
591 3361 649 3405 nro
668 3343 895 3426 perpenderet,
928 3365 960 3408 se
980 3365 1046 3409 non
1067 3366 1184 3412 sanum

83 3456 194 3520 vidisse
213 3451 387 3526 somnium,
419 3449 473 3514 sed
502 3469 608 3513 reram
637 3449 814 3514 fumrorum
835 3449 1032 3533 prophetiam
1052 3473 1184 3537 superne

84 3565 253 3629 revelatam
282 3556 430 3632 credidit,
464 3577 579 3644 magna
599 3576 637 3620 ex
655 3555 791 3620 uberarn
811 3556 962 3622 moestitia
983 3556 1185 3627 illacrimatus

11 3655 12 3660 ἵ
87 3682 143 3736 est.
181 3668 278 3734 Unde
308 3687 383 3731 cum
413 3685 503 3729 soror
532 3665 598 3728 eius
627 3663 817 3749 lleriburga‚
852 3685 938 3751 quae
971 3674 1050 3730 tono
1079 3681 1185 3735 seeum

20 3805 33 3872 q
86 3781 146 3846 illio
177 3789 262 3853 erat,
300 3796 429 3842 oausam
459 3783 618 3839 tantanrm
640 3773 839 3838 lacrimarum
860 3773 1089 3859 exquisivisset.
1123 3795 1185 3838 res·

85 3887 217 3973 pandite
262 3884 424 3951 Carimima
445 3901 555 3956 soror,
589 3881 801 3965 gravissimum
834 3880 893 3947 hae
913 3891 1008 3948 noete
1027 3882 1185 3946 somnium

11 4011 12 4018 ’
84 3999 190 4063 ridere
212 3995 288 4058 mibi
308 3994 389 4058 sistra
410 4013 496 4068 snm,
534 3986 624 4072 quod
646 3998 746 4052 totum
768 4008 825 4054 cor
847 4009 951 4054 meum
973 3989 1083 4052 dolore
1104 4006 1185 4052 eon·

11 4083 13 4124 t

89 4161 230 4175 nau-

11 4211 13 4304 l
124 4227 169 4297 (*)
208 4225 301 4282 Prima
321 4241 404 4278 mann
424 4223 558 4291 seriptum
578 4227 639 4275 erse
660 4217 800 4271 mesina.
