2950 5144
488 487 736 558 cttttotttcott.
1132 493 1157 558 9

97 660 147 724 De
188 665 298 724 exortu
339 654 432 741 igilur
463 653 629 724 Frisonrnn
659 660 781 726 ridetur
811 657 920 724 haberi
934 657 981 723 -in
1020 658 1160 744 Spectalo

51 769 220 833 Saxonum
249 763 331 830 libro
365 765 457 829 tertio
478 785 552 850 cap.
573 767 649 841 xlii,
671 765 725 832 ubi
746 767 878 848 dicitur3
901 767 992 854 quod
1013 767 1048 831 in
1069 787 1157 832 exer·

54 875 122 939 citu
152 872 328 938 Alexandri
358 874 468 959 magni
489 874 618 940 faenmt
638 877 728 941 multi
748 896 824 943 mam
843 877 987 963 principe
1006 874 1154 950 Ciliciae,

52 983 109 1068 qui
139 980 293 1050 iuvabant
314 981 529 1046 Alexandrum
560 983 646 1050 ricta
679 984 774 1050 Dario
805 1005 877 1072 rege
898 983 1062 1052 renam
1081 981 1156 1046 sub·

53 1092 162 1176 ingere
195 1099 297 1154 totum
326 1089 500 1169 orient-3
533 1092 590 1176 qui
621 1101 692 1176 post
723 1103 859 1159 mortem
887 1091 1058 1160 Alexandri
1090 1111 1159 1156 non

55 1199 209 1264 audentes
240 1215 405 1262 mmanere
435 1197 469 1260 io
492 1198 584 1273 Asia,
616 1199 693 1284 quia
714 1199 815 1264 odiosi
835 1197 879 1264 ibi
899 1209 1012 1273 erant.
1046 1196 1157 1282 imple·

53 1317 171 1373 verunt
199 1306 239 1369 de
268 1304 386 1389 rapinis
417 1316 448 1369 et
480 1305 586 1389 spoliis
615 1316 774 1370 trecentas
793 1327 891 1372 naras
920 1318 952 1370 et
981 1303 1158 1392 pergebant

55 1434 164 1482 versare
181 1414 349 1500 lianopam.
394 1412 486 1494 Quae
506 1433 602 1482 naves
620 1425 752 1499 propter
771 1413 958 1501 imperitiam
979 1414 1054 1480 artis
1074 1431 1157 1477 nau-

55 1523 142 1588 ticae
170 1521 332 1588 universae
353 1519 530 1586 submersae
550 1531 624 1586 sunt
645 1523 677 1586 in
697 1523 797 1599 mari,
829 1523 966 1606 exceptis
996 1522 1158 1610 quinqua·

55 1631 146 1718 ginta
176 1641 328 1716 quatuor.
383 1629 428 1694 ttx
458 1627 574 1715 quibus
604 1640 757 1695 renuunt
787 1630 967 1696 octodecim
996 1631 1031 1694 in
1062 1630 1158 1694 Prus-

55 1742 154 1816 siam,
198 1758 283 1823 quae
316 1747 396 1802 tune
425 1747 492 1802 erat
524 1746 606 1800 terra
639 1737 776 1811 inculta.
811 1749 842 1802 et
873 1750 1059 1803 manserunt
1091 1738 1157 1818 ibi;

2 1895 3 1900 η
57 1845 228 1912 duodecim
250 1853 356 1909 aulem
375 1855 533 1909 venerunt
554 1844 589 1906 in
611 1843 740 1919 Anien,
776 1866 814 1910 ex
835 1845 950 1933 quibam
970 1849 1069 1912 exorti
1091 1848 1159 1912 Dit-

55 1952 201 2022 marsche
238 1963 268 2016 et
297 1953 428 2017 llolsten
458 1964 489 2016 et
523 1952 698 2033 lladelarii;
739 1955 846 2040 viginti
880 1966 1021 2042 quatuor
1053 1964 1158 2020 autem

55 2059 214 2128 venerunt
234 2063 267 2125 in
288 2061 481 2136 saxoniam.
513 2063 569 2145 qui
590 2063 723 2146 expulsis
743 2063 817 2126 inde
845 2063 988 2150 Turingis
1010 2065 1159 2148 possede-

1 2211 2 2214 =
56 2178 134 2234 runt
164 2190 245 2234 eam.
289 2168 374 2233 Haec
407 2168 462 2234 ibi.
496 2167 575 2234 Cum
607 2169 700 2252 igitur
732 2168 882 2233 Ditmarin
913 2173 952 2233 sit
981 2173 1158 2256 antiquitus

53 2279 150 2344 Frisia
181 2275 289 2343 habita
309 2296 385 2342 cum
405 2274 594 2350 lladelaria,
626 2275 703 2362 quia
724 2274 775 2340 hic
797 2295 871 2340 cum
891 2275 1070 2342 Saxonibus
1089 2299 1158 2344 me·

1 2375 2 2382 ἵ
55 2396 224 2451 morantur
265 2385 384 2450 venisse
416 2384 458 2448 da
487 2382 624 2448 exercitu
652 2383 824 2449 Alexandri
855 2387 983 2469 magni,
1030 2397 1157 2452 constat

53 2495 200 2580 profecto
232 2513 287 2558 eos
318 2492 491 2557 decadem
511 2500 602 2576 gente
623 2501 727 2566 ortos,
762 2500 793 2556 et
811 2491 911 2576 paulo
930 2504 1156 2578 postmortem

1 2615 3 2636 '
54 2602 223 2668 Alexandri
254 2601 366 2685 magni
395 2601 438 2664 ad
467 2598 543 2675 has,
584 2619 665 2686 quas
695 2620 786 2665 nunc
818 2600 990 2678 incolunt,
1035 2605 1156 2670 venisse

1 2696 2 2784 i
54 2722 174 2787 terras.
199 2711 256 2797 qui
276 2710 335 2774 fuit
356 2718 428 2774 ante
449 2707 646 2772 nativitatem
666 2706 777 2772 Christi
798 2709 893 2772 annis
913 2710 1083 2775 cccxxxvii.

96 2818 142 2883 De
171 2816 364 2902 Westphalis
393 2824 498 2880 autem
526 2813 618 2900 quod
638 2814 676 2877 sit
696 2813 807 2879 eadem
827 2833 1000 2900 genscum
1021 2817 1157 2878 Saxoni-

1 2932 3 3016 ξ
53 2926 115 2990 bus
135 2925 216 2988 nulli
235 2923 385 3005 dubium;
407 2922 497 3009 quod
517 2932 548 2985 et
569 2922 677 3008 lingua
698 2933 729 2986 et
748 2923 860 2987 similes
878 2921 1020 2986 indicent
1040 2942 1156 2992 mores.

1 3103 2 3108 ,
52 3035 136 3100 Huic
157 3035 321 3099 assertioni
341 3032 452 3097 alludit
473 3030 563 3118 quod
584 3040 614 3094 et
629 3031 715 3095 Beda
726 3031 762 3095 in
773 3029 1005 3116 Hartirologia,
1018 3040 1048 3096 ct
1059 3031 1156 3096 etiam
1189 3093 1193 3098 .

54 3143 106 3210 alii
137 3153 259 3208 rocant
287 3140 491 3226 Westphalos
522 3140 673 3224 antiquos
702 3137 853 3206 Saxones.
906 3138 992 3204 Frisii
1023 3159 1155 3225 quoque

1 3257 2 3265 ’
52 3255 88 3317 in
111 3249 275 3318 Chronicis
295 3271 390 3334 saepe
410 3257 567 3315 vocantur
588 3247 749 3311 inferiores
768 3246 929 3323 Saxones,
953 3257 988 3312 ut
1008 3257 1097 3332 patet
1119 3249 1153 3312 in

53 3360 215 3430 Chronica
245 3356 439 3443 Trajectensi
469 3367 501 3420 et
531 3353 690 3420 Chronica
721 3355 919 3420 Hellandiae.
968 3356 1038 3420 Hoc
1070 3356 1156 3421 idem
1247 3426 1258 3447 ⁹

52 3478 184 3536 testatur
214 3465 455 3532 Bartholomeus
485 3461 637 3548 Anglicus
666 3463 702 3526 in
733 3461 813 3525 libro
844 3462 886 3526 de
913 3463 1157 3546 proprietatibus

51 3599 157 3645 rerum
190 3575 316 3640 dicens:
349 3572 439 3659 quod
471 3572 598 3638 incolae
629 3569 743 3633 Frisiae
763 3569 905 3633 Saxones
936 3569 1155 3635 nominantur.

11 3715 15 3726 ’
51 3687 92 3750 Et
113 3685 159 3749 sic
179 3682 354 3767 antiquitus
375 3691 441 3744 tam
461 3674 672 3760 westphalia,
685 3697 786 3763 quam
807 3675 902 3743 Frisia
923 3677 1026 3749 solent
1045 3679 1155 3743 vocari

51 3791 193 3859 saxonia
225 3811 244 3855 a
275 3790 400 3855 seniore
431 3788 562 3853 fontane
593 3787 690 3851 fratre
721 3785 856 3850 Saxone.
900 3786 1156 3874 taquamquam

50 3903 112 3970 hae
132 3909 242 3988 gentes
263 3908 329 3964 tara
350 3896 539 3962 auctoritate
560 3893 686 3978 Speculi
707 3893 892 3973 Saxonum,
914 3916 1012 3981 quam
1034 3894 1156 3960 traditi·

51 4031 116 4076 one
149 4010 320 4074 Frisonum
354 4006 403 4090 (ut
434 4023 528 4088 supra
558 4001 674 4086 patuit)
696 4024 735 4068 ex
753 4004 828 4068 Asia
848 4004 964 4069 venisse
984 4002 1155 4082 dicuntur,

51 4140 119 4184 non
142 4127 249 4184 tamen
270 4116 355 4183 clare
376 4114 518 4181 invenire
539 4111 644 4196 porci.
669 4131 707 4174 ex
728 4111 894 4196 quaAsiee
914 4111 1060 4198 regione,
1079 4132 1157 4199 pro·

53 4227 155 4294 vincia
177 4236 233 4293 aut
254 4226 358 4293 insula
381 4222 535 4294 venerint.
580 4219 611 4284 Is
631 4218 713 4285 enim
735 4215 852 4284 libellus
874 4217 914 4286 de
934 4228 1006 4288 ortu
1026 4219 1159 4288 Frisicae
