2950 5144
310 505 332 566 2
758 496 982 562 Wonrnnr

1465 595 1466 630 l

312 691 385 736 vero
429 678 578 752 angustus
620 674 675 728 est.
729 665 780 728 Est
812 675 916 729 autem
949 673 1031 727 terra
1064 663 1162 746 plana
1195 662 1263 726 sine
1294 665 1409 728 monti-

309 778 386 854 bus,
422 775 567 843 armentis
596 783 627 838 et
658 771 801 858 gregibus
832 773 992 857 opulenta.
1048 771 1085 834 Et
1117 791 1201 856 quae
1232 772 1264 836 in
1295 771 1409 836 boreali

310 888 405 970 plaga
426 876 559 948 Oceano
580 881 725 955 adiacet,
758 879 848 966 gleba
870 890 915 944 est
937 879 1101 964 argillosa,
1134 879 1285 944 frumenti
1304 879 1407 956 ferax,
1465 897 1466 932 ³

310 993 452 1080 gramine
473 990 665 1062 exuberans,
702 989 827 1071 pascuis
847 985 1024 1064 uberrima,
1047 985 1228 1072 alendisque
1247 985 1411 1072 pecoribus

311 1101 480 1187 aptissima.
525 1095 619 1162 Unde
650 1097 791 1180 ingentes
821 1093 917 1160 bores
946 1113 1066 1158 crassos
1097 1103 1127 1157 et
1161 1093 1294 1180 pingues
1314 1093 1412 1180 gignit

310 1220 341 1273 et
374 1208 449 1283 alit,
481 1225 564 1293 quos
597 1225 653 1288 per
686 1204 831 1287 proprios
863 1211 894 1265 et
914 1202 1097 1288 peregrinos
1118 1201 1233 1266 deforis
1253 1204 1412 1268 venientes
1465 1253 1466 1268 ,

309 1325 504 1382 mercatores
546 1311 588 1374 ad
633 1310 896 1376 circumiacentes
938 1312 1083 1395 regiones
1120 1311 1247 1375 venales
1291 1310 1412 1376 emissit

310 1425 438 1506 Insuper
471 1430 501 1484 et
522 1420 573 1482 illa
596 1438 669 1502 pars
690 1417 803 1482 Frisiae
824 1417 926 1490 lacte,
959 1415 1086 1493 butiro,
1109 1427 1140 1480 et
1161 1417 1251 1481 melle
1270 1417 1411 1502 virgineo
1465 1443 1466 1462 ¹

310 1529 473 1603 abundat,
508 1525 624 1612 quibus
644 1524 758 1588 multas
778 1524 935 1590 interioris
955 1524 1140 1590 Germaniae
1161 1525 1338 1608 provincias
1361 1528 1412 1592 alit

309 1651 339 1702 et
373 1637 482 1700 nutrit.
536 1632 686 1696 Australis
728 1653 802 1696 vero
843 1653 919 1717 pars
962 1633 1075 1698 Frisiae
1107 1632 1286 1700 sabulosam
1318 1635 1411 1700 habet
1465 1637 1466 1710 ]

309 1756 444 1819 terram,
466 1745 629 1828 magisque
649 1743 815 1806 frumentis
834 1742 987 1818 ferendis,
1009 1763 1107 1828 quam
1128 1743 1271 1829 gregibus
1292 1744 1412 1808 alendis
1465 1817 1466 1830 ,

309 1861 429 1936 aptam.
472 1847 644 1913 Arboribus
675 1849 769 1912 etiam
800 1849 873 1933 plus
906 1869 1004 1935 quam
1036 1848 1170 1913 borealis
1201 1868 1276 1933 pars
1307 1849 1411 1913 abun·

309 1962 375 2024 dat.
419 1957 561 2022 Pluribus
591 1959 624 2021 in
646 1957 724 2022 locis
745 1958 890 2042 palustris
910 1959 1031 2034 existit,
1065 1959 1099 2020 in
1120 1956 1235 2044 quibus
1255 1955 1412 2021 effodiun·
1464 1941 1466 2022 i

308 2079 359 2132 tur
370 2065 496 2152 glebae,
509 2087 594 2152 quae
615 2065 657 2129 ad
678 2067 773 2130 solem
785 2065 962 2131 desiccatae
973 2048 1144 2149 lignorum,
1163 2085 1230 2151 quo
1242 2064 1286 2129 ad
1295 2065 1411 2150 ignium
1464 2035 1466 2168 l

306 2176 505 2249 fomentum,
538 2173 686 2258 supplent
708 2173 887 2238 delectum:
920 2175 1024 2258 plures
1045 2182 1151 2236 autem
1172 2173 1258 2237 sicco
1277 2184 1412 2239 stercore

307 2284 406 2348 bourn
437 2285 522 2368 ignes
554 2283 677 2345 fovent.
721 2281 810 2344 Rara
842 2282 925 2344 inter
957 2281 1067 2344 Frisios
1100 2280 1241 2364 oppida,
1277 2281 1332 2346 sed
1353 2284 1413 2346 sre-
1464 2225 1466 2360 1

308 2402 442 2478 quantes
471 2391 552 2464 vici,
588 2398 619 2451 et
651 2389 694 2452 ita
726 2409 783 2472 per
804 2398 904 2453 totam
924 2388 988 2452 lere
1007 2387 1135 2452 Frisiam
1156 2390 1343 2466 coniuncti,
1379 2399 1412 2451 ut
1465 2385 1466 2388 ’

307 2519 391 2564 unus
423 2498 464 2562 ab
497 2498 596 2562 altero
626 2497 677 2560 vix
710 2497 827 2562 secerni
858 2506 968 2582 quem,
1010 2497 1050 2560 ln
1084 2496 1241 2582 aliquibus
1271 2499 1413 2582 partibus

308 2610 396 2673 lacus
425 2605 521 2670 babet
554 2625 689 2692 magnos
719 2614 750 2669 et
783 2605 890 2680 utiles,
931 2605 988 2690 qui
1018 2626 1079 2690 pro
1108 2626 1165 2670 sua
1193 2607 1412 2694 magnitudine

309 2737 349 2781 ac
371 2715 502 2800 piscium
535 2713 738 2780 multitudine
768 2715 873 2798 patrio
895 2715 1027 2779 nomine
1048 2715 1147 2779 maria
1168 2724 1411 2799 nuncupantur.

306 2825 347 2888 Et
375 2824 450 2910 quia
481 2822 575 2886 Frisia
605 2821 734 2886 Oceano
764 2822 913 2906 contigua
945 2831 1011 2898 est,
1045 2822 1118 2886 ideo
1150 2843 1192 2886 ne
1212 2822 1277 2884 eius
1296 2820 1414 2886 fluctus

307 2933 505 3014 irrumpant,
539 2930 623 2993 vallo
652 2930 737 2992 littus
771 2949 867 2993 omne
898 2929 1126 3014 praecingitur.
1170 2929 1311 3011 Quodsi
1332 2931 1412 2995 forte

307 3038 528 3123 perfregerint,
549 3036 710 3100 inundant
732 3056 882 3120 campos,
905 3037 991 3102 vicos
1011 3047 1042 3102 et
1064 3047 1130 3101 sata
1152 3037 1358 3124 demergunt,
1382 3050 1412 3103 et
1464 3027 1466 3112 l

309 3165 546 3232 nonnunquam
589 3147 684 3229 etiam
726 3143 871 3208 homines
902 3154 932 3208 et
964 3145 1107 3210 iumenta
1138 3163 1213 3208 eum
1245 3145 1413 3228 penatibus

309 3254 459 3320 obruunt.
504 3253 570 3319 Nec
602 3253 718 3328 bodie,
754 3253 863 3318 saltem
904 3252 1137 3328 universaliter,
1172 3263 1217 3317 est
1248 3243 1394 3320 dubitare

308 3364 423 3428 oceani
454 3363 625 3427 inundatio
657 3363 727 3446 plus
758 3362 916 3437 utilitatis,
941 3381 985 3426 an
1006 3361 1138 3445 periculi
1158 3363 1270 3428 incolis
1292 3331 1414 3435 afferat:
1464 3365 1466 3472 l

307 3474 417 3560 Neque
438 3472 679 3541 inundationem
700 3471 870 3537 comitatur
890 3471 1044 3550 feracitas,
1068 3481 1122 3536 aut
1143 3491 1279 3558 magnos
1290 3472 1413 3559 frugum
1465 3483 1466 3502 ³

305 3592 476 3669 proventus
507 3581 620 3646 oceani
651 3581 833 3646 inundantis
862 3579 1021 3645 beneficio
1040 3578 1136 3645 Frisia
1157 3580 1331 3667 assequitur
1353 3579 1414 3665 (uti
1465 3607 1466 3668 p

306 3693 438 3778 quidam
459 3687 625 3772 tradunt);
658 3688 713 3754 sed
744 3689 882 3753 maxima
914 3699 1016 3754 terrae
1036 3689 1178 3752 sterilitas
1197 3690 1293 3754 talem
1313 3690 1411 3753 innn-
1465 3673 1466 3682 ἵ

307 3801 469 3864 dationem
499 3798 660 3884 sequitur,
693 3808 824 3882 propter
856 3798 999 3863 marinae
1030 3818 1134 3884 aquae
1160 3819 1289 3864 omnem
1311 3808 1412 3864 terrae
1464 3775 1466 3893 l

305 3907 501 3992 superficiem
533 3907 722 3990 occupantis
756 3905 962 3983 salsedinem,
996 3928 1081 3992 quae
1103 3918 1218 3972 terram
1239 3918 1270 3971 et
1291 3925 1409 3994 aquas,
1464 3895 1466 3974 l

305 4027 371 4080 tam
398 4014 537 4082 fluviales
558 4035 657 4100 quam
679 4015 849 4089 lacustres,
873 4015 1031 4081 interioris
1051 4015 1165 4082 Frisiae
1186 4015 1280 4081 salsas
1301 4016 1408 4082 efficit.
1465 4009 1466 4066 ἐ

304 4122 399 4188 Unde
428 4134 459 4186 et
490 4135 573 4188 terra
601 4123 706 4207 primo
738 4143 830 4188 anno
860 4125 982 4208 penitus
1015 4124 1123 4188 sterilis
1158 4132 1189 4189 et
1209 4123 1409 4192 infructuosa

305 4230 467 4308 redditur,
500 4233 663 4317 piscesque
684 4252 795 4298 omnes
814 4230 971 4311 fluviales,
1005 4253 1144 4318 quorum
1164 4253 1284 4321 magua
1307 4234 1407 4301 direr—
1465 4227 1466 4230 ’

1465 4385 1466 4430 l
