2950 5144
295 480 340 549 aa
738 467 962 550 aroanna!
1064 421 1066 426 ,

1461 175 1464 366 l

1462 419 1465 538 l

292 654 350 718 luit
382 653 417 716 in
448 671 488 715 eo
517 652 613 728 loco,
648 652 682 715 in
714 670 781 736 quo
813 671 901 718 nunc
924 661 978 716 est
1011 648 1164 736 oppidum
1194 657 1226 712 et
1257 657 1398 714 castum
1464 615 1465 618 Ἴ

293 761 432 836 (lelriaa¹
477 769 574 846 atque
603 760 639 823 in
673 759 858 826 confinrlrus
888 761 974 836 eius,
1017 759 1184 846 quoddam
1215 756 1399 843 pestiferum

291 870 431 945 animal,
456 868 576 933 assidue
596 869 764 934 clamitans
786 867 898 934 Geldre
918 868 1052 945 Geldre‚
1087 865 1178 954 quod
1198 863 1347 928 homines
1367 875 1399 930 et

291 977 440 1044 animalia
469 977 656 1042 horribiliter
687 987 719 1043 ot
749 977 881 1042 letaliter
914 977 1095 1046 devastavit.
1139 971 1192 1041 Dls
1223 974 1312 1040 cuins
1335 984 1399 1072 ¹⁰²?
1465 1029 1466 1066 3

290 1107 393 1154 rorem
425 1086 569 1150 homines
598 1084 677 1148 illius
698 1093 799 1150 terrae
821 1085 934 1151 relictis
955 1085 1084 1150 aedibus
1104 1084 1211 1170 lugere
1232 1081 1399 1167 cogeban-
1465 1079 1466 1094 *

291 1205 352 1261 tur.
396 1195 470 1258 Erat
501 1202 605 1256 autem
635 1190 679 1256 ibi
711 1202 791 1256 tunc
823 1194 972 1277 temporis
1003 1192 1135 1280 quidam
1158 1190 1272 1258 nobilis
1291 1190 1399 1256 domi·
1465 1253 1466 1256 ,

289 1302 361 1368 ntn'
379 1301 481 1368 dictus
510 1301 659 1366 dominns
689 1301 731 1366 de
761 1302 861 1378 Pom,
885 1323 904 1365 a
925 1301 1013 1366 dicto
1034 1301 1165 1366 animali
1184 1321 1301 1386 magna
1320 1321 1397 1386 per·
1465 1345 1466 1352 κ

289 1431 395 1497 prosam
423 1411 558 1485 damna.
593 1411 649 1495 qni
679 1410 760 1474 duos
788 1410 870 1475 filios
899 1411 1081 1476 fortissimos
1110 1421 1142 1475 et
1173 1409 1399 1494 imperterritos

289 1518 416 1594 hebuit.
451 1518 567 1583 scilicet
599 1516 809 1583 Wiehardum
838 1528 870 1583 et
891 1518 1090 1604 lupoldum,
1124 1518 1181 1604 qui
1200 1519 1302 1603 ipsam
1323 1539 1398 1585 cm·

288 1627 475 1693 delinimam
507 1626 637 1692 bestiam
668 1635 833 1692 nocturno
863 1637 1005 1712 tempore
1034 1627 1148 1692 armati
1178 1628 1394 1712 inquirentes,

288 1757 328 1802 ac
369 1736 485 1800 lumine
526 1735 693 1800 oculorum
723 1735 807 1800 velut
848 1736 929 1822 ignis
958 1734 1089 1801 flamma
1121 1734 1306 1800 stillantium
1342 1737 1398 1802 de·

286 1843 535 1929 prehendentes.
566 1843 602 1908 in
633 1842 767 1907 nornine
801 1843 930 1909 Domini
960 1844 1093 1930 aggressi
1120 1854 1194 1908 mut
1215 1852 1247 1908 et
1267 1844 1398 1909 occide·

287 1961 374 2021 runt.
418 1951 622 2036 Quapropter
650 1951 805 2036 praedicti
827 1951 938 2016 iratres
960 1951 1002 2017 ab
1022 1953 1174 2019 universis
1194 1951 1274 2016 illius
1296 1961 1396 2018 terrac

286 2058 400 2124 incolis
419 2058 455 2122 in
476 2059 638 2144 principes
657 2069 733 2122 sunt
754 2057 932 2134 sublimati,
968 2070 1066 2146 atque
1087 2069 1206 2125 tutores
1218 2081 1280 2124 seu
1303 2081 1397 2144 prae·
1467 2077 1468 2080 ’

120 2160 156 2188 ·“
286 2165 359 2231 lecti
389 2166 510 2232 Gelriae
538 2166 728 2251 nuncupati.
770 2165 864 2231 Unda
896 2176 928 2232 et
947 2167 1042 2231 iidem
1062 2167 1171 2231 iratres
1190 2169 1397 2252 postmodum

289 2275 324 2340 in
347 2275 461 2339 eodem
480 2274 577 2348 loeo,
610 2295 679 2358 quo
700 2276 801 2356 ipsum
824 2275 940 2338 animal
961 2275 1169 2353 occiderunt,
1204 2278 1395 2360 praesidium

285 2393 474 2456 statuentes.
510 2379 589 2444 illud
621 2401 660 2445 ex
699 2381 794 2464 ipsius
826 2381 971 2446 animalia
1003 2383 1161 2449 vocabulo
1191 2384 1327 2450 Getriam
1361 2387 1396 2450 in
1467 2443 1468 2448 ,

285 2488 468 2554 memoriale
507 2488 730 2571 sempiternum
762 2501 1039 2572 nuncupaverunt.
1092 2492 1138 2555 De
1165 2512 1234 2577 quo
1264 2503 1295 2558 et
1327 2504 1396 2560 tota

284 2597 337 2663 illa
368 2607 450 2661 terra
478 2614 599 2660 nornen
630 2596 740 2660 sortita
773 2605 830 2662 est.
873 2595 942 2661 Fuit
963 2598 1041 2663 haec
1061 2610 1143 2664 terra
1175 2602 1278 2665 multis
1299 2604 1397 2668 annis
1468 2617 1469 2652 1

285 2708 469 2782 comitatus,
493 2703 549 2769 sed
570 2722 662 2768 anno
684 2703 810 2768 Domini
832 2707 1042 2785 mcccxxxix‚
1066 2709 1118 2772 xxi
1140 2708 1191 2774 die
1212 2711 1314 2774 llartii
1337 2731 1396 2778 co·
1468 2699 1469 2714 ἶ

286 2819 412 2882 mitatus
443 2814 565 2880 Gelriae
598 2822 737 2875 mutatus
767 2814 868 2876 estin
889 2811 1060 2894 ducatum.
1096 2817 1314 2884 Franclordiae
1334 2839 1397 2904 per

285 2926 509 3010 imperatorem
531 2919 744 2995 Ludovicum,
779 2922 994 3003 praesentibus
1023 2925 1229 3004 electoribus,
1261 2937 1292 2991 et
1315 2927 1395 2995 Rei-

182 3060 185 3065 ’
286 3032 402 3097 naldus
423 3047 531 3095 comes
551 3026 654 3090 lactus
674 3036 719 3090 est
741 3028 860 3112 primus
881 3029 946 3095 dun
968 3032 1098 3100 Gelriae.
1140 3033 1191 3099 Ab
1224 3032 1270 3099 his
1289 3038 1394 3100 comi·

286 3139 368 3207 tibus
398 3148 429 3202 et
460 3135 593 3202 ducibus
619 3135 784 3200 Friscnum
817 3158 1059 3226 nonnumquam
1081 3151 1127 3205 est
1147 3143 1331 3229 impugnata
1351 3145 1394 3208 li·
1468 3233 1469 3238 γ

284 3250 410 3324 bertas,
435 3259 469 3312 ut
490 3246 571 3312 inira
594 3246 655 3309 suia
676 3246 710 3309 in
733 3247 810 3312 locis
831 3246 965 3316 dicetur.
1011 3249 1132 3314 Deinde
1153 3271 1241 3316 anno
1262 3253 1392 3319 Domini

283 3357 468 3427 mccccxxiii
499 3354 660 3422 Reinaldo
691 3353 859 3440 praedicto
887 3356 969 3422 duce
990 3358 1129 3435 Gelriae‚
1152 3361 1221 3426 siue
1249 3362 1393 3447 prolibus

283 3467 457 3541 defuncto,
501 3464 624 3529 nobiles
655 3473 686 3528 et
716 3464 855 3530 civitates
886 3473 986 3530 terrae
1016 3468 1138 3532 Gelriae
1166 3469 1327 3555 elegerunt
1358 3474 1390 3536 in

183 3606 185 3614 ¹
284 3577 447 3642 dominum
480 3585 512 3638 et
543 3573 657 3638 duee-m
690 3571 811 3637 Gelriae
835 3572 1013 3639 Arnoldum
1032 3575 1131 3640 filium
1152 3577 1308 3643 lobannis
1326 3579 1388 3645 do·

281 3687 361 3750 mini
383 3685 423 3746 de
443 3682 631 3764 Egmonda,
654 3679 743 3745 cuius
764 3689 864 3742 mater
884 3691 950 3744 erat
971 3702 1062 3746 soror
1082 3683 1233 3748 Reinaldi
1253 3689 1390 3771 praefati

161 3848 164 3854 .
281 3791 371 3856 ducis
391 3787 523 3854 Gelriae.
554 3771 670 3851 (lenuit
692 3794 797 3850 autem
809 3788 968 3852 Arnoldus
979 3789 1045 3854 dux
1057 3791 1180 3857 Gelriae
1191 3793 1387 3881 Adolphum.

279 3898 444 3984 Adolphus
473 3913 547 3960 vero
578 3893 727 3960 Carolum
758 3893 815 3978 qui
851 3893 945 3958 hodie
976 3894 1041 3961 dux
1071 3908 1116 3962 est
1148 3900 1279 3968 Gelriae.
1323 3906 1389 3972 late

278 4006 443 4092 ndotptrus
482 4003 547 4066 dux
576 4001 697 4066 Gelriae
728 4001 900 4086 captivavit
930 4003 1105 4070 Arnoldum
1137 4017 1259 4092 petrem
1292 4031 1386 4078 stum

279 4136 364 4182 anno
385 4113 509 4177 Domini
531 4111 693 4176 mcccclxv
714 4120 745 4175 et
766 4111 798 4174 in
819 4109 961 4177 custodia
982 4113 1087 4196 posuit
1105 4119 1199 4182 annis
1212 4120 1250 4184 vi.
1286 4121 1384 4203 Quod

278 4224 421 4289 moleste*
436 4221 536 4286 terens
568 4217 697 4284 Carolus
720 4217 985 4302 Burgundionum
1009 4220 1093 4300 dux,
1127 4227 1208 4292 misit
1230 4227 1331 4293 literas
1352 4241 1384 4294 et
