2916 5150
500 484 750 552 catutucott.
1108 489 1169 558 1⁶7

19 719 20 734 p
80 651 147 714 atris
179 660 345 735 tempestas
376 653 530 728 maxima,
563 674 659 740 quam
692 664 781 717 tanta
814 664 858 718 est
886 665 992 722 secuta
1014 676 1170 740 aquarum

19 745 20 750 ἵ
77 758 260 835 inundatio,
303 770 337 825 ut
378 763 478 847 ruptis
511 763 655 848 undique
686 762 815 826 marinis
846 763 1011 848 aggeribus
1040 763 1170 829 infinita

77 888 170 950 paene
210 867 376 934 bominum
410 872 634 957 pecudumque
664 870 833 934 multitudo
863 872 898 935 in
920 873 1013 937 Frisia
1034 875 1171 958 perierit.

78 974 157 1040 Tunc
178 997 285 1040 comes
306 979 477 1043 Florentius
499 981 607 1044 ridens
628 980 754 1043 Frisium
776 979 873 1044 nimia
895 1000 1051 1066 aquarum
1073 982 1172 1046 inun-

79 1083 198 1147 datione
221 1098 364 1166 opertam
385 1089 467 1152 misit
488 1088 655 1153 dominum
677 1087 907 1152 Theodericum
928 1088 969 1153 de
991 1088 1174 1155 Brederode

80 1214 140 1256 cum
172 1193 271 1256 classe
303 1195 411 1257 navali
441 1196 476 1258 in
498 1195 740 1261 Occidentalem
770 1196 920 1273 Frisium,
956 1197 1013 1281 qui
1034 1198 1175 1282 acceptis

78 1321 109 1364 ex
135 1300 263 1385 singulis
292 1323 397 1385 paene
417 1305 507 1388 pagis
528 1303 737 1368 nobilioribus
757 1303 871 1368 Frisiae
892 1302 1053 1368 obsidibus
1074 1313 1173 1368 totam

79 1407 303 1472 Occidentalem
317 1410 444 1474 Frisiam
466 1412 535 1474 siue
556 1411 639 1475 bello
659 1410 799 1495 subegit,
823 1410 900 1496 quia
923 1410 1045 1475 vicinus
1068 1410 1175 1476 vicino

79 1515 221 1599 praesidio
235 1516 408 1600 (aquarum
429 1518 641 1582 inundatione
661 1517 849 1601 praepediti)
862 1537 926 1580 esso
947 1535 1016 1579 non
1039 1527 1175 1600 poterat.

81 1623 156 1688 Tunc
175 1644 286 1690 comes
306 1623 511 1689 refluentibus
532 1627 644 1711 aquis,
668 1646 741 1690 cum
762 1645 879 1709 magno
900 1632 1095 1688 armatorum
1115 1644 1177 1690 nu·

81 1752 156 1796 mero
176 1731 417 1798 occidentalem
438 1734 619 1818 ingrediens
640 1734 788 1809 Frisium,
824 1733 930 1817 coepit
950 1742 1090 1818 quatuor
1111 1734 1177 1800 lor·

82 1839 180 1904 tiuima
203 1842 262 1926 (ne
282 1842 323 1906 de
335 1817 451 1908 ‘cetero
472 1841 623 1906 rebellare
644 1842 849 1926 attentarent)
868 1842 1039 1906 aedificem
1060 1853 1176 1907 castra:

82 1947 204 2014 Primum
243 1951 277 2012 in
311 1948 522 2014 bledemblick
544 1949 725 2033 mansitque
753 1950 817 2014 illic
849 1969 955 2014 comes
985 1969 1087 2036 arsque
1107 1971 1178 2016 cae

82 2066 152 2120 trum
181 2069 263 2124 esset
294 2059 480 2144 perfectum.
526 2057 711 2123 Secundum
742 2067 879 2121 castrum
910 2059 1103 2141 appellatum
1131 2070 1178 2128 est

83 2163 309 2250 Ennigeborcb.
350 2167 488 2230 Tertium
507 2175 579 2250 post
601 2163 664 2228 boo
684 2165 801 2239 erexit,
824 2163 916 2247 quod
936 2166 1062 2230 vocarit
1082 2166 1179 2230 'Fcer-

85 2273 253 2340 nenburcb.
287 2275 445 2356 Quartum
467 2273 608 2359 denique
629 2271 804 2338 construxit
826 2271 878 2336 cui
899 2291 1021 2336 nomen
1039 2271 1178 2338 inditum

85 2391 122 2446 est
138 2382 337 2457 llienburch,
372 2381 530 2448 destructa
551 2381 638 2466 prius
657 2390 689 2446 et
709 2401 814 2446 eversa
835 2379 960 2448 civitate
980 2381 1179 2468 Froncgeest,

88 2506 136 2571 per
152 2490 354 2556 traditionem
375 2489 487 2564 Fobis,
511 2511 608 2574 quaem
629 2510 738 2557 comes
757 2510 832 2555 cum
854 2490 1006 2574 promissa
1036 2489 1093 2556 sibi
1122 2513 1179 2576 pe-

88 2599 171 2663 cunia
201 2599 310 2684 posuit
341 2597 399 2662 urb
419 2598 631 2662 fundamento
653 2598 746 2661 turris
766 2598 860 2662 castri
880 2597 1048 2680 praedicti.
1091 2600 1180 2682 Quae

89 2707 167 2770 turris
194 2708 235 2774 ab
269 2727 308 2771 eo
330 2706 424 2792 vulgo
445 2705 533 2770 dicta
555 2715 600 2768 est
621 2704 714 2770 Fobis
736 2715 833 2770 toorn
854 2725 954 2788 usque
974 2705 1010 2769 in
1030 2727 1180 2789 praesen·

89 2821 141 2878 tarn
168 2817 263 2881 diem.
306 2814 423 2879 Omnia
455 2815 620 2899 praedicta
650 2823 753 2880 eastra
774 2813 947 2878 Florentius
977 2833 1084 2878 comes
1103 2835 1179 2898 pro·

89 2921 153 2987 ridit
181 2923 330 2989 omnibus
348 2923 528 2988 necessariis
549 2921 659 2997 rebus,
692 2920 810 2988 bellicis
829 2920 972 2988 videlicet
991 2921 1180 2990 instrumen-

89 3028 137 3105 tis,
167 3029 354 3098 victualibus
373 3040 405 3095 et
426 3030 497 3095 viris
516 3031 708 3107 fortissimis,
743 3028 859 3115 quibus
879 3040 996 3096 contra
1017 3029 1179 3096 Frisouum

87 3137 223 3222 impeturn
265 3139 387 3230 possint
428 3140 620 3206 conservari.
672 3140 764 3204 Hunc
804 3140 997 3204 Florentium
1030 3139 1179 3206 comitem

87 3245 263 3314 bollandiae
295 3247 379 3331 cepit
406 3256 439 3311 et
460 3245 579 3312 occidit
611 3244 761 3310 dominus
793 3247 950 3313 Gerardus
981 3245 1022 3312 dc
1043 3245 1176 3322 Velsen,

84 3371 120 3418 eo
144 3359 232 3442 quod
254 3376 384 3421 uxorem
405 3355 470 3419 dtas
490 3353 521 3420 ri
540 3364 736 3439 oppresserat
768 3376 859 3420 anno
886 3355 1015 3421 Domini
1035 3355 1180 3422 mccxcti

86 3463 187 3544 quinto
207 3466 360 3532 calendas
389 3463 470 3529 lulii.
517 3462 719 3547 Quapropter
749 3474 782 3530 et
801 3465 869 3548 ipse
889 3463 1046 3530 Gerardus
1066 3472 1179 3546 captus

88 3569 172 3640 num
201 3575 364 3640 tormentis
393 3571 517 3648 finivit,
550 3581 582 3636 ct
613 3571 719 3636 omnis
749 3571 917 3658 progenies
937 3571 1003 3638 eius
1022 3579 1177 3656 perpetuo

88 3677 212 3768 adegere
231 3693 278 3750 est
298 3681 410 3759 exilio,
432 3681 504 3748 licet
524 3678 630 3744 minus
649 3678 737 3746 iuste.
