2950 5144
299 463 343 530 82
749 458 971 526 WORPERI

300 629 394 692 Unde
426 648 499 692 mox
530 628 631 712 ipsum
661 625 824 692 destinarit
857 629 891 691 in
922 627 1047 692 Frisium
1081 624 1123 690 ud
1156 625 1291 690 deorum
1326 627 1404 690 lana

300 746 330 799 ct
360 736 517 800 idolorum
555 733 744 800 simulachra
784 734 993 814 destruenda3
1035 733 1162 820 plurimi
1193 734 1279 798 enim
1310 745 1406 800 erant

298 839 343 904 ibi
365 841 471 906 adhuc
498 841 662 927 gentilium
682 841 952 927 superstitionibus
971 840 1079 908 dediti.
1121 840 1220 925 Igitur
1241 841 1408 926 Ludgerus

300 950 441 1014 assumtis
470 971 578 1016 secum
608 951 775 1014 nonnullis
803 949 951 1015 fratribus
969 971 1008 1014 ex
1029 961 1193 1016 conventu
1213 949 1408 1014 Traiectcnsi

300 1057 374 1123 illuc
405 1057 536 1121 concito
567 1057 710 1140 perrexit.
753 1055 813 1119 Ubi
846 1076 920 1121 cum
951 1056 1051 1142 grstia
1083 1056 1139 1120 Dei
1171 1065 1203 1120 et
1224 1055 1303 1120 virili
1324 1078 1408 1122 con·

300 1164 418 1227 stantia
439 1183 557 1229 nomen
579 1163 691 1228 Christi
710 1163 899 1248 praedicans
918 1163 1076 1248 populum
1098 1164 1212 1228 durum
1233 1164 1403 1242 instruxit,

302 1291 344 1335 ac
364 1292 437 1336 cum
458 1271 592 1336 mirabili
612 1272 783 1356 sagacitate
804 1272 921 1356 templa
942 1291 1016 1336 cum
1029 1272 1162 1336 deorum
1177 1270 1271 1336 idolis
1283 1270 1406 1358 absque

301 1380 391 1443 omni
422 1379 680 1445 contradictione
712 1398 822 1444 coram
854 1379 994 1463 ipsorum
1023 1379 1197 1445 cultoribus
1231 1379 1405 1457 destruxit,

301 1497 333 1552 et
361 1487 397 1549 in
430 1484 539 1552 Christi
559 1487 705 1552 ecclesias
726 1489 943 1553 commutarit.
985 1488 1077 1554 Tunc
1099 1487 1262 1553 helbricus
1281 1490 1407 1554 antistas

300 1597 430 1660 beatum
462 1594 641 1680 Ludgerum
673 1596 842 1660 sacerdotii
864 1595 999 1682 gradum
1019 1597 1181 1682 percipere
1201 1597 1296 1672 lecit,
1329 1585 1407 1682 (juria

301 1705 457 1769 hactenus
486 1703 522 1764 in
554 1703 716 1767 levitarum
748 1702 856 1768 officio
885 1704 1122 1769 ministraverat.
1164 1705 1204 1768 llt
1232 1705 1310 1790 quis
1340 1705 1406 1768 Fri·

303 1831 417 1876 sonum
449 1829 524 1896 gens
553 1829 593 1872 eo
625 1809 730 1874 adhuc
752 1819 893 1894 tempore
913 1810 1047 1874 multum
1068 1811 1102 1876 in
1122 1811 1188 1875 fide
1209 1820 1275 1876 erat
1296 1811 1403 1887 rudis,

303 1921 396 2006 igitur
434 1917 562 1982 antistes
603 1916 764 1982 Aelbricus
806 1917 979 1996 constitnit*
998 1919 1100 2003 ipsum
1131 1919 1310 2003 Ludgerum
1340 1919 1407 1983 iam

304 2027 414 2092 Christi
443 2025 641 2090 sacerdotem
671 2027 706 2088 in
738 2035 898 2110 pastorem
927 2025 1079 2090 ecclesiae
1099 2026 1133 2091 in
1153 2047 1240 2113 pago
1261 2028 1406 2093 Dockum

303 2136 339 2198 in
369 2134 538 2222 Oestergoc
551 2179 574 2210 ‚=
593 2155 633 2201 eo
664 2135 757 2222 quod
788 2137 890 2220 iprum
922 2145 1056 2200 noverat
1086 2135 1163 2200 fidei
1192 2138 1333 2222 puritate
1365 2157 1405 2202 ac

305 2242 470 2308 doctrinae
488 2243 638 2309 facultate
655 2245 841 2328 pollentem,
855 2254 887 2308 et
908 2242 952 2308 ob
971 2263 1099 2308 suorum
1119 2256 1289 2330 parentum
1307 2256 1408 2332 atque

306 2361 518 2437 cognatorum
549 2351 703 2434 gratiam,
737 2352 793 2436 qui
824 2351 887 2416 illic
907 2350 1092 2436 qrectabiles
1110 2351 1324 2420 habebantur.
1366 2355 1408 2418 In

306 2479 373 2544 quo
403 2456 533 2542 quidem
562 2459 636 2523 loco
658 2458 779 2524 dudum
803 2459 966 2544 (utsupra
986 2459 1132 2546 diximus)
1155 2460 1268 2526 beatus
1286 2461 1409 2528 archie-

306 2565 455 2650 piscopus
495 2565 677 2632 Bonit'aoius
719 2589 793 2633 oum
834 2568 990 2634 consociis
1029 2570 1092 2634 suis
1121 2569 1273 2656 martyrio
1305 2571 1410 2636 hietat

308 2683 487 2740 coronatus.
538 2675 658 2760 Dignus
688 2677 808 2762 quippe
837 2677 892 2741 tali
924 2678 998 2743 loco
1029 2677 1197 2754 sacerdos.
1232 2689 1288 2744 eut
1320 2681 1414 2773 locus

307 2793 397 2849 tanto
417 2783 592 2850 sacerdote.
622 2786 742 2859 Locum
754 2785 902 2870 inquam,
923 2785 980 2870 qui
1000 2788 1083 2851 tanti
1103 2797 1148 2852 est
1168 2787 1311 2874 mamyris
1328 2809 1413 2856 san·

308 2894 400 2980 guine
427 2893 612 2968 dedicatus,
645 2902 772 2956 tantum
791 2903 860 2958 crat
881 2892 992 2980 dignus
1011 2891 1128 2962 habere
1146 2906 1316 2982 pastorem.
1359 2899 1411 2965 lta

306 3001 438 3066 vicissim
459 2999 508 3065 vel
528 3000 617 3064 locus
636 2999 853 3075 sacerdotem,
877 3001 924 3066 vel
944 3001 1053 3068 locum
1073 3001 1222 3070 sacerdos
1240 3025 1412 3072 commen·

308 3105 374 3172 dat.
416 3107 489 3188 Quo
519 3108 554 3173 in
586 3108 659 3174 loco
690 3117 808 3195 septem
837 3109 995 3176 continuis
1026 3114 1122 3178 annm
1142 3113 1324 3180 Frisonilrus
1343 3117 1411 3182 ler-

307 3214 483 3280 rectissime
503 3215 731 3302 praedicabat,
754 3226 866 3303 utpote
885 3239 961 3285 suae
980 3221 1120 3288 nationis
1138 3221 1271 3287 salutem
1291 3225 1410 3291 arden·

309 3323 422 3386 tissime
442 3323 559 3389 sitiens.

326 3682 520 3740 luftdeler
538 3682 708 3743 saxones
725 3682 890 3744 Μιε-
908 3688 999 3757 igne
1018 3690 1060 3745 et
1076 3690 1184 3748 ferro
1201 3691 1392 3753 restando

406 3785 536 3835 omnes
553 3775 639 3834 rere
657 3774 840 3836 frisones
857 3777 909 3835 od
925 3781 1131 3849 pristinum
1149 3797 1322 3846 errore·

665 3868 798 3927 redtre
815 3871 1042 3943 colluerant.

746 4022 835 4091 CAP.
856 4025 969 4093 XXIII.

327 4185 532 4282 'Circahaec
553 4197 695 4273 tempora
715 4189 848 4276 inclytus
866 4213 921 4260 rex
941 4193 1071 4262 Carolus
1091 4217 1227 4285 magnus
1248 4199 1406 4269 continuo
