2950 5144
519 478 768 547 cultoutcon.
1168 485 1189 546 ll

82 645 217 710 ditionis
259 645 310 708 vix
343 644 462 710 videris.
507 645 594 710 Raro
625 648 744 734 quippe
777 647 818 714 ibi
851 649 1010 712 mulierem
1042 649 1191 714 rusticam

86 755 150 818 nisi
180 775 217 818 ex
251 763 385 838 argento
415 775 497 838 puro
529 757 715 822 inauratove
736 759 874 844 ingentis
894 757 1042 843 ponderis
1064 757 1191 843 cingulo

86 871 233 928 ornatam
265 861 452 946 conspicias.
495 863 536 928 At
557 863 685 930 ditiores
706 866 800 930 etiam
821 867 955 932 armillas
975 867 1017 931 ad
1038 866 1190 942 brachia,

84 980 185 1056 atque
204 970 337 1036 fibulam
358 991 418 1055 pro
438 973 576 1054 pectoris
595 983 714 1038 ornatu
734 995 772 1038 ex
792 995 871 1038 auro
893 986 949 1039 aut
971 985 1103 1061 argento
1123 995 1192 1040 non

83 1080 175 1163 parvi
196 1078 345 1163 ponderis
366 1101 405 1143 ex
424 1080 527 1164 patria
550 1091 674 1165 gestant
695 1082 937 1148 conaretudine.
970 1083 1008 1148 Et
1028 1082 1110 1149 baec
1120 1085 1193 1170 qui·

84 1188 161 1250 dem
192 1187 331 1272 ignobile
363 1188 480 1273 vulgus.
528 1187 645 1252 Verum
678 1199 846 1256 matronae
866 1191 987 1256 nobiles
1007 1193 1103 1277 longe
1125 1211 1194 1256 am·

85 1296 170 1379 plius
202 1297 302 1360 aureis
324 1296 544 1381 argenteisque
566 1297 642 1360 varii
663 1298 786 1382 generis
806 1297 999 1362 decorantur
1020 1317 1195 1364 ornamen-

1 1485 2 1494 ἵ
90 1403 150 1478 tis,
181 1403 224 1466 ita
255 1414 378 1468 utnon
410 1404 514 1468 minus
544 1415 696 1469 oneratae
727 1425 828 1492 quam
860 1415 996 1469 ornatae
1017 1405 1193 1469 rideantur.

1 1521 2 1597 ζ
89 1514 196 1596 Atque
228 1510 392 1574 Germanis
423 1511 465 1578 ad
498 1511 625 1574 Frisiam
645 1513 728 1576 lorte
750 1511 998 1578 adventantibus
1017 1511 1195 1578 iucundum

1 1599 2 1610 ἵ
87 1619 315 1706 insolitumque
355 1615 506 1703 praebere
536 1620 635 1684 solent
666 1622 890 1706 spectaculum.
941 1621 978 1684 Et
1008 1621 1081 1686 licet
1112 1619 1196 1684 frisii

87 1728 205 1792 ferocis
236 1746 275 1791 ac
307 1727 403 1793 severi
433 1725 601 1792 credantur
631 1738 662 1791 et
693 1728 842 1794 dicantur
875 1729 992 1804 animi,
1027 1730 1061 1792 iu
1095 1729 1197 1796 hostes

1 1899 2 1902 ,
88 1845 218 1909 tamen,
252 1843 282 1898 et
318 1853 388 1898 non
419 1832 637 1899 indifferenter
658 1836 702 1900 ad
724 1857 852 1912 omnes,
884 1835 947 1901 boc
968 1837 1123 1924 intelligas
1143 1859 1197 1908 ve·

1 1933 2 2004 }
88 1946 164 2024 lim3
198 1963 296 2028 quum
327 1940 401 2007 alias
429 1942 580 2028 singulari
610 1945 753 2031 quadam
774 1945 980 2022 liberalitate,
1016 1943 1197 2011 urbanitate

1 2059 2 2140 l
94 2075 136 2118 ac
154 2052 362 2136 hospitalitate
382 2072 460 2136 prae
481 2053 612 2118 caeteris
631 2054 694 2119 sint
714 2055 858 2138 praediti.
891 2056 971 2120 llam
991 2055 1196 2140 peregrinos.

1 2153 2 2156 '
91 2162 222 2247 ignotos
240 2171 270 2225 et
292 2181 445 2245 pauperes
465 2161 509 2225 ad
524 2181 577 2224 eos
597 2159 678 2226 forte
696 2161 891 2226 declinantes
901 2181 968 2226 non
979 2161 1078 2224 modo
1095 2162 1197 2246 rogati

1 2257 2 2338 l
90 2271 224 2334 comiter
244 2269 421 2352 excipiunt,
436 2269 532 2334 sedet
549 2269 632 2332 ultro
654 2267 783 2335 trabunt
803 2279 834 2335 et
855 2268 1012 2350 invitant,
1024 2277 1122 2354 atque
1141 2269 1198 2332 illis

1 2463 2 2466 Ἴ
90 2379 209 2444 victum
241 2375 370 2440 abunde
401 2377 498 2462 gratis
518 2375 719 2452 ministrant,
745 2378 804 2442 nisi
828 2375 955 2462 publiea
976 2375 1058 2441 lone
1079 2375 1197 2440 suerint

1 2533 2 2574 p
91 2485 282 2560 diversoria,
307 2483 361 2548 ubi
381 2484 562 2550 huiusmodi
584 2485 760 2551 venundari
780 2486 891 2554 solent.
920 2485 971 2550 Ob
992 2485 1198 2572 quodetiam

92 2595 190 2657 multa
222 2603 253 2656 et
286 2612 391 2676 paene
410 2593 603 2678 quotidiana
624 2594 706 2659 inter
726 2615 758 2658 se
778 2592 941 2658 celebrant
962 2595 1135 2668 convivia,
1164 2595 1197 2657 in

91 2700 207 2788 quibus
232 2701 445 2784 potationibus
476 2712 509 2766 et
540 2700 742 2766 ebrietatibus
762 2721 851 2764 more
872 2701 1105 2766 Germanorum
1125 2702 1197 2784 plus

1 2803 2 2868 ἶ
90 2815 172 2876 iusto
202 2810 339 2874 student.
384 2807 506 2872 liabent
538 2807 658 2892 quippe
683 2807 825 2892 ingentia
855 2826 993 2893 magnae
1012 2808 1197 2890 capacitatis

1 2901 2 2912 ἵ
92 2939 215 2984 cornua
236 2915 372 2980 ferorum
394 2915 598 2989 animalium,
632 2916 756 2978 laminis
777 2916 877 2980 aureis
899 2916 1089 3002 argenteisve
1109 2913 1196 2980 circa

1 3019 2 3100 l
91 3047 202 3101 oram,
236 3024 373 3088 medium
406 3034 438 3087 et
469 3023 565 3087 linem
598 3023 817 3099 circumdata,
860 3023 976 3109 quibus
1005 3025 1195 3108 poculorum

1 3185 2 3194 ,
89 3139 165 3202 loco
196 3135 228 3196 iu
259 3132 409 3199 conviviis
429 3142 573 3196 utuntur.
619 3132 741 3195 Horum
762 3151 921 3196 cornuum
941 3131 1107 3198 Caesarem
1127 3155 1196 3197 me·

89 3245 215 3308 minisse
246 3241 406 3316 existimo,
430 3239 484 3303 lib.
508 3240 581 3304 vito.
602 3238 674 3302 belli
703 3237 813 3304 Gallici
834 3238 1012 3305 dicentems
1054 3240 1095 3304 In
1116 3241 1195 3305 ller-

88 3353 177 3418 cinia
208 3351 283 3415 silva
305 3349 404 3412 multa
425 3347 563 3412 serarum
583 3367 702 3434 genera
723 3347 813 3411 nasei
835 3357 981 3423 constat,
1017 3369 1102 3434 quae
1123 3351 1194 3414 reli-

1 3439 2 3486 3
87 3458 160 3544 quis
192 3457 227 3520 in
260 3457 337 3522 locis
367 3456 432 3521 visu
463 3476 533 3520 nou
567 3466 663 3532 suut,
695 3455 780 3518 inter
799 3475 885 3540 quae
905 3475 1008 3518 uuum
1028 3467 1073 3518 est
1095 3476 1195 3540 genus

87 3586 222 3644 eorum,
253 3566 311 3652 qui
342 3565 398 3630 Vri
419 3565 628 3650 appellantur.
675 3563 791 3628 Eorum
814 3581 971 3627 cornuum
993 3561 1192 3646 amplitudo,

1 3667 2 3740 J
88 3675 190 3759 figura
223 3685 254 3739 et
287 3675 405 3759 species
437 3673 568 3737 multum
600 3681 819 3737 anostrorum
839 3670 938 3734 buum
960 3669 1111 3736 cornibus
1132 3673 1194 3736 dil·

89 3785 207 3850 ferunt.
248 3785 335 3850 Haec
366 3783 503 3848 studiose
524 3783 702 3869 conquisita
723 3780 765 3846 ab
786 3781 880 3846 labris
900 3792 1034 3867 argento
1056 3781 1192 3846 circum·

88 3893 241 3968 cludunt,
277 3901 374 3979 atque
402 3895 437 3956 in
469 3892 661 3976 amplissimis
690 3891 788 3976 epulis
818 3911 879 3975 pro
908 3891 1028 3975 poculo
1048 3900 1192 3955 utuntur.

1 3987 2 3990 ¹
87 4003 175 4068 llaec
195 4002 257 4068 ille.
301 4003 351 4066 Est
372 4012 404 4066 et
425 4001 487 4066 alia
508 4000 616 4064 ceteris
637 4000 782 4086 gentibus
802 4021 897 4076 rara,
919 4000 973 4063 sed
995 3999 1069 4061 huic
1089 4017 1192 4082 paene

88 4109 267 4194 peculiaris,
287 4129 357 4174 non
381 4120 464 4174 certe
486 4108 731 4183 contemnenda,
757 4128 819 4172 nec
839 4106 969 4170 ridenda
981 4108 1189 4184 consuetudo,

91 4241 187 4304 quam
209 4219 357 4304 prolege
379 4217 661 4303 quasiobserrant;
674 4214 1191 4300 utvidelicetquotieuspatberarn
