2916 5150
313 490 373 555 124
763 487 985 554 Wonpnnr

309 657 507 729 restiterunt,
540 654 697 720 civitatem
729 654 943 720 defendendo.
997 654 1035 718 Et
1077 653 1201 718 durarit
1233 653 1313 720 haec
1347 655 1409 720 dis·

310 765 412 829 sensio
444 763 528 826 circa
561 782 695 827 annum.
738 762 869 826 Interim
902 761 1080 826 Fredericus
1100 761 1218 846 primus
1236 763 1410 847 imperator

309 874 390 939 misit
424 868 617 934 Reinoldum
650 867 921 954 archiepiscopum
955 868 1195 943 Coloniensem‚
1229 870 1286 955 qui
1315 871 1408 934 istam

309 979 530 1045 dissensionem
551 977 727 1060 composuit
747 978 801 1041 tali
824 978 1057 1042 moderamine:
1081 977 1120 1042 Ut
1141 977 1306 1061 episcopus
1317 979 1409 1044 God-

308 1088 424 1161 fridus,
449 1085 585 1168 acceptis
607 1085 754 1148 trecentis
776 1085 888 1148 marcis
909 1085 1053 1170 argenti,
1076 1083 1307 1168 praefecturam
1330 1087 1409 1152 civi·

308 1195 379 1258 tatis
420 1192 477 1256 sibi
519 1192 559 1254 de
592 1191 659 1254 iure
691 1201 858 1256 vacentem
892 1190 990 1254 tribus
1021 1178 1168 1255 iratribus
1210 1195 1408 1279 praescriptis

307 1301 484 1364 dimitteret.
525 1298 645 1362 Deinde
666 1318 758 1363 enno
779 1299 905 1362 Domini
925 1300 1029 1363 mclxv
1048 1299 1149 1386 gravis
1169 1310 1238 1364 orta
1260 1311 1303 1364 est
1323 1321 1407 1366 con·

307 1408 407 1485 tentio
428 1407 511 1470 inter
530 1406 729 1489 praedictum
750 1407 937 1470 Godlridum
958 1407 1143 1491 episcopum
1163 1407 1404 1485 Traiectensem,

304 1524 335 1578 et
355 1513 547 1577 Florentium
570 1513 717 1576 comitem
739 1512 927 1578 llollandiae
947 1524 1077 1598 propter
1099 1514 1276 1606 dominium
1292 1515 1406 1580 Orien·

306 1621 374 1684 talis
394 1621 522 1694 lusisse,
548 1619 691 1685 videlicet
711 1619 877 1706 Oestergoe
898 1632 928 1685 et
951 1621 1144 1708 Westergoe.
1177 1623 1258 1688 llam
1277 1623 1405 1690 Carolus

305 1729 411 1793 celsus
441 1727 489 1811 (ut
522 1728 674 1791 Hollendi
696 1728 809 1793 dicunt
829 1730 884 1792 sed
908 1749 978 1792 non
1000 1728 1154 1813 probant)
1178 1740 1300 1815 etpost
1321 1733 1405 1798 hune

305 1834 467 1898 lotharius
495 1835 652 1898 secundus
680 1835 882 1918 imperatores
911 1835 1066 1900 dederunt
1096 1837 1173 1901 illud
1196 1859 1292 1924 usque
1312 1841 1406 1907 Luri-

263 2018 272 2028 ⁸
304 1964 377 2008 cam
398 1941 563 2006 comitibus
584 1942 778 2010 llollandiae.
821 1945 971 2009 llenricus
992 1955 1098 2010 autem
1119 1962 1251 2032 quartus
1271 1959 1301 2012 et
1322 1947 1406 2014 Con·

303 2051 399 2116 radus
439 2050 545 2114 tertius
583 2050 786 2134 imperatores
829 2053 1031 2118 contulerunt
1071 2053 1147 2117 illud
1187 2057 1346 2141 episcopis
1375 2067 1405 2120 et

302 2160 452 2226 ecclesiae
482 2158 682 2222 Traiectensi.
726 2159 902 2224 Florentius
931 2161 1014 2225 enim
1041 2181 1147 2226 comes
1166 2175 1321 2246 reputans
1343 2166 1405 2229 nn·-

301 2271 378 2334 siam
410 2267 496 2351 prius
526 2265 669 2350 patribus
699 2266 760 2328 suis
781 2267 946 2334 comitibus
967 2270 1171 2348 dedendine,
1205 2293 1304 2356 quem
1327 2276 1406 2358 epis-

303 2378 390 2461 copis
411 2371 655 2437 Traiectensibus
675 2370 844 2448 donatam,
865 2374 976 2439 bellica
998 2397 1112 2453 manu,
1131 2380 1221 2462 pulso
1242 2381 1416 2467 episcopo.

303 2481 450 2567 cogitavit
481 2478 608 2540 Frisiam
639 2477 788 2542 invadere
810 2502 849 2544 ac
870 2502 927 2545 suo
949 2483 1100 2549 subiicere
1120 2485 1275 2554 dominio.
1319 2491 1407 2575 Epis-

302 2611 401 2675 copus
433 2607 507 2654 vero
539 2584 648 2651 videns
669 2606 702 2649 se
723 2588 829 2650 comiti
852 2591 991 2655 resistere
1012 2613 1082 2656 non
1103 2614 1218 2677 posse,
1252 2598 1404 2662 auxilium

301 2697 454 2764 Frederiel
496 2694 587 2779 primi
617 2693 840 2758 Romanorum
871 2697 1067 2781 imperatoris
1095 2703 1285 2786 imploravit.
1344 2707 1405 2788 Qui

300 2811 471 2893 imperator
501 2803 679 2866 Traiectum
711 2804 841 2867 veniens
870 2804 955 2872 hanc
987 2808 1214 2876 dissensionem
1245 2813 1291 2876 ita
1312 2835 1405 2878 com·

299 2914 422 3002 posuit,
455 2921 490 2972 ut
523 2909 665 2972 videlicet
687 2910 853 2993 episcopus
874 2912 1075 2980 Traieotensis
1094 2930 1125 2982 et
1146 2939 1249 2984 comes
1270 2923 1405 2988 llollan·

298 3022 370 3084 dine
399 3016 498 3078 virum
520 3033 621 3076 unum
642 3012 827 3079 industrium
849 3019 968 3100 pariter
989 3023 1158 3108 eligerent,
1191 3029 1246 3112 qui
1268 3034 1403 3097 nomine

297 3139 328 3194 et
358 3125 425 3191 sice
446 3123 607 3205 utriusque
638 3132 755 3206 regeret
776 3123 903 3188 Frisiam
924 3125 1135 3208 orientalem,
1171 3136 1213 3200 ita
1237 3148 1346 3205 tamen
1368 3152 1402 3205 ut

298 3235 443 3316 tntisper
464 3231 533 3293 illos
553 3229 669 3292 electus
690 3231 775 3313 prius
795 3245 1049 3316 praesentaretur
1069 3241 1272 3326 imperatori}
1298 3248 1342 3312 ab
1363 3271 1401 3314 eo

296 3349 483 3428 potestatem
511 3335 676 3400 iudicandi
708 3349 922 3423 percepturus.
966 3345 1004 3408 Et
1033 3347 1154 3413 iurabit·
1171 3352 1239 3416 talis
1259 3357 1396 3433 electus,

297 3458 453 3536 quatenus
483 3464 545 3508 nec
574 3463 668 3527 prece
700 3464 761 3507 nec
780 3447 883 3528 pretio
907 3449 1030 3514 alterius
1050 3457 1232 3542 principum
1253 3463 1287 3525 in
1310 3468 1401 3531 nullo

296 3552 522 3643 praeiudicium
554 3552 668 3627 faciet,
702 3571 808 3636 neque
840 3555 896 3617 uni
927 3557 998 3638 plus
1030 3563 1093 3623 alio
1115 3563 1228 3630 lavent.
1273 3572 1305 3634 Si
1326 3595 1399 3640 vero

295 3666 459 3749 episcopus
491 3668 518 3722 et
554 3678 661 3722 comes
692 3661 847 3742 praedicti
879 3663 913 3724 in
936 3663 1114 3731 huiusmodi
1135 3673 1292 3742 electione
1315 3701 1399 3746 eon·

295 3769 427 3835 cordare
469 3765 686 3848 nequiverint,
730 3776 810 3831 tuuc
840 3769 1014 3853 imperator
1043 3795 1080 3838 ex
1110 3791 1202 3862 parte
1234 3786 1399 3876 utriusque

294 3897 395 3942 unum
438 3871 618 3938 constituet.
671 3873 802 3957 Insuper
841 3877 873 3941 in
916 3901 1020 3946 mense
1052 3889 1159 3963 maio,
1191 3896 1331 3975 quando
1360 3920 1398 3964 ex

293 3980 525 4052 consuetudine
565 3978 680 4044 iudicia
723 3991 793 4045 suut
834 3989 1032 4075 exercenda,
1069 3996 1197 4060 venient
1229 4002 1398 4090 episcopus

293 4089 495 4155 Traiecteusis
537 4097 568 4150 et
607 4108 713 4152 comes
751 4089 938 4157 llollandiee
978 4095 1091 4180 singuli
1135 4123 1204 4166 nou
1238 4113 1396 4194 amplius,

293 4218 391 4284 quam
420 4217 493 4260 cum
523 4195 650 4280 triginta
682 4196 752 4262 viris
772 4198 806 4262 in
828 4199 977 4280 Frisium,
1001 4215 1099 4288 atque
1120 4213 1294 4295 aequaliter
1317 4231 1396 4290 tunc
