2916 5150
269 445 329 510 192
693 439 911 504 Wunpnnl

265 613 408 678 fecerunt
439 617 474 674 in
506 611 675 675 exercitum
705 609 791 672 ilium
819 610 976 696 grandem
1004 619 1037 673 et
1056 610 1250 694 impegerunt
1269 609 1369 694 qrrnsi

265 721 301 783 in
343 728 486 782 montem
517 738 654 782 aereum.
706 715 902 780 Corruerunt
932 718 968 780 in
999 738 1039 782 eo
1069 717 1241 782 certamine
1271 717 1371 780 multi

266 826 387 892 nobiles
417 828 577 912 capitanei
607 826 790 902 Frisonum,
829 826 913 891 inter
940 848 1022 912 quos
1049 827 1108 889 fuit
1135 827 1187 892 Iw
1214 826 1370 912 lwingha

266 938 451 1023 capitaneus
481 940 516 1000 in
548 935 754 1002 Bolswerdis.
805 936 875 1000 Dux
905 937 1014 1023 itaque
1044 947 1167 1020 graststa
1196 936 1369 1000 Frisonum

266 1047 427 1123 audacia,
447 1045 620 1130 ridensque
639 1045 708 1108 illos
727 1044 825 1130 magis
845 1045 922 1109 reite
942 1046 1023 1110 mori
1042 1045 1159 1120 tibere,
1189 1067 1290 1130 quam
1310 1045 1369 1108 viti

267 1155 326 1220 srb
345 1176 385 1219 co
406 1154 507 1219 urere
525 1154 686 1229 servitute,
710 1154 838 1216 retraxit
856 1154 980 1238 pedem,
1002 1177 1062 1220 nec
1081 1157 1163 1220 ultrs
1183 1176 1369 1239 progrmrs
1453 1159 1457 1168 '

268 1274 315 1328 at
345 1264 379 1326 in
410 1273 547 1338 terram,
575 1263 630 1326 md
660 1262 751 1327 rediit
779 1263 863 1328 unde
891 1275 1041 1340 venerat,
1076 1287 1145 1329 non
1165 1275 1274 1330 tamen
1294 1266 1368 1329 sine

268 1393 385 1458 magno
404 1372 452 1436 sui
472 1372 624 1438 exercitus
643 1371 772 1437 damno.

314 1855 500 1916 albertus
518 1853 595 1912 du
611 1852 784 1912 secundo
800 1855 907 1912 rerttt
924 1858 966 1914 et
982 1856 1154 1915 dommo
1170 1859 1321 1918 rma-e

708 1946 861 2016 ,oum
870 1948 933 2019 (*).

709 2149 797 2216 CAP.
818 2151 928 2218 xilv.

315 2369 436 2436 ltodem
464 2386 596 2452 quoque
622 2376 764 2450 tempore
783 2369 816 2430 in
836 2369 985 2434 Loricam
1004 2371 1133 2435 fluvium
1155 2393 1252 2438 naves
1272 2395 1371 2459 quas·
1456 2393 1457 2396 ’

274 2480 349 2544 dam
379 2477 518 2548 miseret,
565 2481 600 2536 ut
632 2472 673 2537 ab
704 2495 742 2538 ea
773 2487 863 2559 parte
893 2477 1021 2542 Frisium
1053 2480 1253 2548 invaderent.
1308 2481 1373 2546 Sed

274 2584 428 2670 dispositis
455 2603 512 2667 per
543 2602 687 2666 aggerem
708 2583 875 2648 Frisiorum
895 2588 1079 2670 praesidiis,
1098 2600 1214 2654 terram
1236 2592 1374 2656 contin·
1451 2653 1457 2674 ,

275 2716 346 2781 gere
367 2713 434 2757 non
454 2700 638 2776 potuerunt.
682 2692 750 2756 Hoc
770 2702 877 2758 tamen
897 2695 1043 2760 effectum
1065 2698 1201 2774 dedere,
1224 2709 1259 2763 ut
1279 2702 1376 2765 navi·

274 2806 403 2892 gntioue
422 2801 577 2864 maritima
598 2799 682 2862 Frisii
702 2803 748 2863 uti
768 2822 834 2865 non
856 2818 994 2888 pooeent.
1036 2807 1110 2872 Mox
1130 2810 1274 2874 Albertus
1294 2833 1376 2874 cum

275 2912 365 2979 omni
384 2910 520 2975 exercitu
541 2909 702 2972 Stsversm
720 2910 879 2993 profectus
900 2915 1062 2978 consilium
1083 2919 1166 3001 cepit
1187 2919 1227 2983 de
1247 2920 1376 3006 reliqua

275 3022 370 3086 Frisia
399 3015 580 3098 subigenda.
632 3016 712 3079 Nam
742 3018 875 3082 difficilis
905 3023 933 3084 ei
963 3043 1011 3084 res
1043 3025 1227 3106 videbatur,
1268 3051 1376 3113 quum
1456 3039 1457 3046 ’

276 3139 422 3213 expertus
441 3125 506 3208 ipse
527 3124 695 3200 didicisset,
717 3128 799 3189 mori
819 3149 916 3213 quam
937 3129 1113 3197 libertatem
1134 3133 1244 3199 Frisios
1263 3137 1377 3201 dimit·

277 3246 341 3300 tere
371 3235 474 3298 malle.
517 3233 583 3298 Ittic
614 3233 690 3296 dum
722 3235 847 3314 haeret,
880 3236 989 3303 denuo
1022 3242 1055 3304 in
1088 3263 1160 3306 eum
1191 3245 1376 3310 instauratis

276 3342 390 3410 viribus
417 3341 503 3405 Frisii
531 3342 680 3426 impetum
711 3345 855 3408 fecerunt
876 3348 917 3410 ad
939 3350 1130 3414 coenobium
1151 3355 1251 3419 sancti
1271 3354 1375 3418 Odut-

275 3452 349 3538 phi,
381 3450 437 3515 sed
465 3451 534 3535 pari
565 3461 661 3536 atque
693 3463 787 3517 antes
817 3464 940 3520 eventu.
985 3458 1062 3522 Tum
1093 3463 1254 3547 geminata
1279 3463 1374 3529 clade
1456 3543 1457 3546 Ἴ

276 3562 367 3627 tracti
400 3561 498 3624 animi
528 3571 558 3624 et
579 3561 656 3624 vires
696 3562 881 3640 Frisiorum,
915 3569 1056 3650 nequid
1078 3580 1201 3636 tentare
1222 3573 1377 3658 deinceps
1456 3561 1457 3568 ἵ

278 3681 393 3736 contra
425 3668 599 3733 Hollandos
628 3682 756 3753 possent
786 3683 840 3734 aut
874 3675 1033 3740 auderent.
1078 3679 1190 3764 Itaque
1223 3703 1296 3746 cum
1320 3685 1359 3747 st

277 3781 383 3845 bertus
410 3777 476 3840 dies
505 3777 614 3842 decem
647 3779 763 3842 ibidem
785 3781 817 3842 in
839 3783 973 3847 statione
992 3789 1172 3865 mansisset,
1206 3813 1265 3855 nec
1286 3794 1376 3877 quis·
1456 3783 1457 3788 ¹

278 3909 377 3976 quam
417 3898 532 3952 contre
563 3909 595 3952 se
625 3899 818 3973 pugnaturus
850 3903 1034 3974 appareret,
1079 3905 1234 3981 promotis
1265 3903 1375 3966 castris

283 4048 427 4068 Μ

317 4123 361 4191 (*)
398 4119 516 4188 Reliqua
541 4121 571 4172 in
595 4135 679 4187 opere
702 4119 841 4190 Worperi
869 4121 1075 4178 desiderantur.
1111 4127 1190 4199 Quas
1217 4142 1374 4202 sequuntur

279 4217 383 4270 incerti
401 4213 524 4266 auctoris
542 4231 557 4264 e
577 4213 674 4268 codice
693 4213 879 4268 Fontsiniano
898 4217 993 4271 addite
1011 4230 1087 4273 sant.
