2916 5150
314 492 375 558 112
752 471 973 542 WORPERI

312 652 524 722 crudelissime
556 648 848 734 depopulaverunt,
883 639 928 704 uti
961 639 995 700 in
1029 634 1180 720 superiori
1213 631 1296 696 libro
1329 629 1418 693 huius

312 763 465 830 cronicae
486 759 606 824 dietum
628 764 687 820 est.
717 753 776 816 llic
796 747 1006 814 Theodericus
1026 743 1162 829 primus,
1185 741 1317 826 eiusque
1338 737 1419 803 filius

313 870 452 935 eiusdem
494 866 634 932 nominis
678 857 837 926 secundus
879 852 1015 930 comes,¹
1049 857 1191 936 regentes
1231 847 1420 912 llollandiae

313 978 513 1065 provinciam
534 975 625 1039 annis
645 991 743 1046 cxxv,
775 973 945 1030 tenuerunt
977 981 1090 1046 pacem
1122 957 1244 1043 populo
1264 965 1295 1020 et
1316 956 1421 1020 eccle»

314 1088 377 1152 siae
397 1083 594 1150 Traiectensi.
638 1081 730 1161 Quae
749 1075 837 1161 pacis
857 1071 985 1138 foedera
1006 1088 1107 1153 usque
1128 1065 1170 1129 ad
1191 1062 1420 1129 Theodericum

315 1195 381 1260 eius
413 1192 553 1257 nominis
583 1198 735 1275 quartum
752 1207 758 1220 ¹
776 1181 924 1249 comitem
956 1197 996 1242 ac
1028 1173 1239 1240 Adelboldum
1270 1194 1313 1236 xx
1346 1169 1421 1234 Tra·

316 1304 485 1369 iectensem
528 1299 712 1381 episcopum
742 1290 967 1378 perdurarunt.
1012 1280 1134 1348 Deinde
1167 1301 1259 1344 anno
1293 1279 1421 1342 Domini

318 1409 488 1503 viiifflxriii,
521 1407 574 1471 die
594 1405 646 1468 xiii
667 1401 799 1488 Aprilis,
823 1393 1002 1462 Ludorieus
1022 1389 1211 1456 Germaniae
1230 1409 1285 1453 rex
1307 1387 1352 1452 ad
1371 1387 1422 1451 in·

317 1517 465 1584 stantiam
485 1514 615 1579 Emmae
636 1509 742 1574 uxoris
762 1526 837 1572 suae
858 1502 946 1568 dedit
967 1497 1070 1566 eidem
1082 1497 1292 1574 Theoderico,
1314 1496 1421 1562 comiti

318 1623 530 1698 llollandiae,
576 1617 763 1685 zelandiam
805 1619 960 1700 perpetuo
1000 1605 1234 1694 possidendam.
1287 1605 1422 1671 Cronius

319 1734 477 1800 Leidensis
509 1730 604 1804 dicit,
637 1726 724 1791 huno
753 1719 983 1788 Theodericum
1012 1716 1149 1801 primum
1181 1712 1373 1778 llollandiae
1393 1722 1423 1777 et

320 1840 492 1908 zelandiae
520 1838 669 1903 comitem
703 1831 818 1898 auxilio
849 1827 955 1894 Caroli
988 1825 1069 1890 calvi
1090 1824 1284 1908 imperatoris
1305 1831 1423 1886 contra

319 1949 465 2016 Frisones
483 1963 647 2032 pugnasse.
691 1939 755 2004 Sed
774 1939 912 2004 Ioannes
933 1935 973 1998 de
995 1933 1105 2008 Baka,
1136 1932 1171 1994 in
1204 1936 1265 1994 suis
1284 1929 1424 1995 Croniois

263 2148 265 2151 Ι
320 2059 541 2145 episcoporum
572 2048 817 2117 Traiectensinm
849 2055 880 2110 et
911 2043 1065 2109 comitum
1096 2039 1281 2105 llollandiae
1311 2039 1424 2102 nullius

291 2233 292 2236 ,
323 2167 395 2232 belli
426 2165 517 2230 huius
547 2161 671 2228 comitis
700 2168 733 2224 et
761 2157 927 2221 Frisonum
947 2151 1026 2217 lacit
1046 2150 1252 2214 mentionem.
1293 2147 1333 2214 In
1355 2168 1424 2212 cro·

323 2275 403 2341 niois
435 2269 643 2344 llollandiae,
675 2288 734 2352 per
764 2266 925 2329 loannem
956 2259 1095 2324 Severini
1128 2255 1337 2342 bibliopolam
1360 2257 1426 2320 Lei·

323 2385 453 2450 densem
485 2376 660 2462 impressis,
702 2371 837 2447 dicitur,
883 2368 1031 2434 Carolum
1065 2365 1190 2430 calvum
1232 2364 1427 2430 Theoderico

325 2493 429 2577 primo
461 2484 569 2551 comiti
602 2479 789 2549 llollandiae
819 2477 944 2562 suisque
975 2472 1201 2541 suecessoribus
1223 2482 1326 2536 totam
1348 2494 1428 2538 con·

325 2597 428 2662 tulisse
458 2591 679 2666 llollandiam,
712 2608 774 2652 nec
807 2607 876 2650 non
909 2594 941 2648 et
972 2593 1094 2668 partem
1126 2580 1284 2646 orientalis
1314 2581 1429 2646 Frisiae

325 2703 469 2772 videlicet
499 2721 600 2785 usque
632 2698 778 2764 Laricam
799 2694 941 2760 fluvium.
985 2691 1048 2755 Sed
1069 2701 1101 2756 et
1121 2689 1268 2754 Carolum
1288 2690 1429 2755 eundem

324 2824 397 2901 post
428 2811 583 2876 devictam
617 2805 839 2879 llollandiam,
874 2799 1029 2866 adiuncto
1050 2799 1107 2862 sibi
1128 2799 1270 2883 praefato
1289 2798 1428 2875 comite,

325 2945 401 2992 cum
433 2916 571 2984 exercitu
601 2933 723 3000 magno
744 2913 872 2975 Frisiam
892 2907 1057 2982 invasisse,
1082 2929 1121 2970 ac
1143 2905 1343 2990 compulsisse
1364 2907 1430 2970 Fri·

327 3050 417 3096 sones
436 3023 664 3092 Theodericum
685 3021 832 3087 comitem
854 3018 1029 3102 suscipere,
1060 3015 1227 3101 eidemque
1247 3013 1429 3100 homagium

327 3139 435 3203 fecisse
465 3142 563 3219 atque
594 3132 710 3194 iurasse
742 3149 774 3193 se
804 3147 927 3211 semper
956 3124 1085 3190 obedire
1117 3145 1157 3189 ac
1189 3143 1353 3188 mansuros
1374 3122 1431 3188 sub

328 3243 495 3313 comitibus
526 3239 722 3304 llollandiae.
778 3237 939 3300 Hactenus
971 3231 1025 3296 ubi
1057 3253 1164 3317 supra.
1206 3233 1293 3297 Ilaec
1324 3241 1432 3297 autem

328 3351 495 3440 quomodo
515 3347 638 3432 possint
658 3364 721 3408 esse
741 3364 814 3409 vera
836 3362 906 3407 nou
928 3329 1042 3417 rideo,
1076 3359 1177 3425 quum
1198 3339 1304 3404 literae
1324 3340 1434 3404 dona·

328 3462 424 3528 tionis
443 3456 547 3524 Caroli
569 3453 650 3520 calvi
660 3453 857 3519 Francorum
877 3461 908 3516 et
929 3448 1081 3514 Ludovioi
1101 3447 1293 3514 Gemaniaa
1311 3469 1434 3534 regum,

323 3567 431 3658 primo
462 3565 570 3632 comiti
602 3561 793 3626 llollandiae
813 3560 936 3634 laetae,
962 3556 1152 3622 llollandiae
1171 3555 1299 3642 quidem
1320 3566 1351 3621 et
1375 3557 1436 3620 Ze·

326 3679 456 3744 landiae
487 3657 619 3738 faciunt*
642 3669 859 3742 mentionem,
899 3667 954 3732 sed
976 3667 1088 3732 Trisiae
1109 3684 1330 3752 nequaquam.
1376 3664 1434 3729 Su·

327 3786 452 3872 periore
480 3781 611 3862 insuper
643 3776 723 3840 libro
755 3797 794 3840 ex
825 3776 960 3841 cronicis
992 3774 1176 3839 llollandiae
1207 3774 1331 3839 dictum
1365 3782 1430 3847 est,

327 3888 494 3982 quomodo
536 3883 817 3949 llordmannorum
860 3903 913 3948 rex
954 3903 991 3947 ea
1034 3880 1223 3949 conditione
1254 3881 1359 3947 lactus
1389 3892 1434 3948 est

327 3998 537 4070 Christianus,
573 4002 607 4055 ut
636 3991 768 4056 Carolus
798 3992 906 4057 oalrus
939 3991 1075 4056 traderet
1096 3991 1153 4055 sibi
1173 3991 1273 4055 filiam
1292 3991 1435 4058 Lotbarii

327 4109 407 4193 regis
436 4107 472 4170 in
502 4120 632 4170 uxorem
663 4109 694 4164 et
723 4098 837 4166 Frisiae
857 4098 1055 4184 provinciam
1076 4099 1112 4164 iu
1131 4087 1264 4174 ilotem,
1297 4109 1330 4164 et
1351 4121 1436 4186 quo·

328 4215 426 4280 rnodo
458 4214 542 4278 idem
573 4208 743 4278 Godlridus
775 4207 1053 4288 Nordma'nnorum
1088 4229 1161 4284 rer,
1196 4208 1349 4274 auxilium
1380 4210 1435 4274 sibi
