2916 5150
494 478 742 548 cottotttcott.
1129 487 1172 552 93

169 690 231 748 lte
249 692 374 749 morte
391 691 566 752 lttxtrtrlt
584 697 762 767 episcopt
779 697 820 754 ct
837 698 1066 768 episcopatu

435 787 563 844 suncti
578 787 796 846 mosterlet.

522 984 610 1052 etr.
632 988 727 1054 XXX.

5 1179 7 1266 J
104 1175 190 1241 llaec
223 1174 303 1239 dum
335 1185 523 1260 agerentur,
555 1179 690 1243 moritur
722 1178 883 1244 Rixlridus
903 1181 1069 1276 episcopus
1089 1184 1167 1248 Tra-

5 1273 6 1330 7
66 1283 207 1350 iectensis
246 1284 381 1348 natione
419 1285 524 1362 Friso,
569 1285 718 1354 doctrina
743 1297 782 1353 et
813 1290 982 1355 sanctitate
1011 1291 1161 1376 insignis,

5 1399 7 1480 t
68 1411 156 1456 anno
195 1392 323 1456 Domini
355 1392 474 1477 viiiqxxi
506 1395 624 1479 quinto
655 1395 707 1460 die
733 1396 851 1462 mensis
881 1394 1039 1462 Octobris.
1091 1398 1164 1479 Quo

4 1561 5 1564 ,
65 1498 243 1565 honorifice
272 1501 394 1584 sepulto
426 1501 526 1566 clerus
557 1513 589 1569 et
617 1505 754 1588 populus
783 1504 893 1570 dicuat
923 1524 956 1570 se
977 1524 1048 1569 non
1069 1504 1165 1569 alium

4 1593 5 1626 ³
65 1607 172 1692 elgere
198 1608 407 1694 *episcopum
430 1631 528 1696 quom
548 1610 758 1680 Fredericum.
800 1612 931 1677 Interim
952 1633 1007 1677 rex
1026 1611 1165 1678 Lodovi·

3 1733 5 1802 t
66 1735 117 1780 cus
147 1715 259 1782 Caroli
289 1718 397 1801 magni
424 1718 506 1783 filius
532 1718 594 1803 lde
623 1741 690 1806 quo
722 1722 827 1805 capite
846 1721 1083 1806 praecedenti),
1107 1722 1164 1808 qui

67 1832 139 1889 tunc
185 1846 229 1888 ne
260 1826 585 1891 excommunicaretur
617 1828 660 1892 ab
688 1827 842 1912 episcopis
872 1837 1002 1913 propter
1033 1839 1164 1914 neptem

65 1951 167 2008 surm,
205 1953 304 2016 quam
333 1934 367 1997 in
397 1954 528 1999 uxorem
558 1934 707 2012 duxerat,
740 1936 775 2000 in
809 1936 908 2000 Gallia
940 1957 1071 2002 manere
1090 1957 1163 2002 nou

2 2005 4 2064 ¹
64 2041 219 2119 audebat.
255 2043 290 2106 in
322 2042 490 2109 Germania
511 2043 597 2108 iuxta
617 2042 767 2107 Rhenum
789 2041 963 2120 manebat,
997 2055 1162 2130 comperto

2 2109 4 2226 l
63 2149 198 2216 Rirlridi
230 2151 368 2234 episcopi
390 2148 480 2215 obitu
501 2168 557 2233 per
576 2150 696 2236 legatos
714 2170 788 2216 suos
806 2149 972 2234 mandarit
991 2151 1163 2216 senioribus

2 2239 3 2270 ³
62 2257 213 2322 ecclesiae
253 2257 476 2332 Traiectensis‚
521 2265 556 2321 ut
587 2257 716 2324 beatum
747 2255 946 2324 Fredericum
978 2257 1161 2344 episcopum

59 2366 299 2441 acclamarent,
330 2375 362 2429 et
393 2365 527 2430 electum
557 2365 599 2430 ad
620 2367 685 2431 eius
706 2366 858 2432 ducerent
876 2365 1054 2452 palatium,
1089 2387 1162 2432 nes·

55 2475 141 2539 ciens
172 2493 304 2538 omnem
335 2472 490 2558 populum
510 2473 646 2539 eundem
677 2475 740 2540 iam
760 2475 896 2560 elegisse.
937 2474 1028 2541 Tunc
1047 2474 1162 2542 Frede-

55 2584 139 2648 ricus
162 2603 249 2646 -cum
280 2580 455 2647 senioribus
484 2583 633 2647 ecclesiae
654 2582 857 2647 Traiectensis
877 2603 1007 2670 surgens
1025 2587 1161 2669 perrexit

54 2691 102 2755 ad
128 2711 248 2777 regem.
292 2691 353 2773 Qui
383 2689 470 2753 illum
500 2689 656 2754 accersitis
675 2688 829 2773 episcopis
850 2689 916 2754 aliis
935 2691 1006 2755 licet
1025 2693 1160 2759 invitum

55 2810 89 2864 et
126 2800 264 2865 multum
305 2799 489 2865 renitentem
530 2798 565 2861 in
605 2817 662 2861 sua
693 2796 871 2882 praesentia
902 2798 985 2861 iussit
1017 2799 1160 2866 ordinari

61 2908 256 2993 episcopum.
298 2906 371 2987 Quo
404 2915 533 2989 peracto
563 2905 735 2989 imperator
767 2904 886 2970 clerum
918 2913 950 2968 et
971 2924 1082 2970 omnes
1101 2908 1160 2993 qrri

1 3051 2 3066 ÷
62 3015 193 3081 aderant
224 3013 346 3080 nobiles
376 3014 493 3099 pariter
512 3023 543 3078 ct
564 3012 719 3098 ignobiles
740 3011 782 3076 ad
803 3032 894 3077 mum
912 3013 1056 3080 inritavit
1077 3036 1159 3082 con·

60 3124 194 3200 urium,
226 3133 323 3208 atque
351 3131 482 3207 propter
512 3121 568 3185 viri
600 3122 654 3186 Dei
684 3141 825 3186 amorem
857 3120 940 3186 diem
970 3122 1058 3188 illum
1085 3146 1159 3191 cum

1 3247 2 3308 ἲ
61 3252 179 3319 magna
210 3230 328 3298 laetitia
356 3229 551 3316 perducebat
581 3229 623 3294 ad
644 3249 816 3314 uesperum.
858 3229 992 3296 Peracto
1013 3234 1159 3302 convivio

59 3364 111 3408 rex
130 3361 240 3408 secum
261 3342 387 3405 volvem
404 3338 440 3402 in
463 3337 591 3414 aomo,
615 3357 647 3402 se
667 3336 748 3401 sorte
766 3346 896 3422 propter
916 3338 1056 3404 illicitum
1077 3362 1160 3407 con·
1262 3421 1266 3428 ,

59 3449 188 3514 nubium
219 3447 254 3511 in
286 3446 393 3512 futoro
424 3465 515 3531 posse
535 3465 555 3509 a
575 3443 671 3509 beato
692 3443 856 3510 Fredcrico
876 3444 1039 3522 maledici,
1075 3449 1159 3515 iussit

58 3555 143 3624 illum
176 3556 322 3623 accersiri
353 3565 385 3621 et
416 3575 544 3632 coram,
584 3552 641 3640 qui
682 3551 832 3629 aderant,
862 3552 1016 3638 episcwu
1047 3554 1160 3622 talibus

1 3671 2 3678 ’
60 3665 232 3752 alloquitur
252 3663 363 3730 dictis:
407 3662 505 3748 Elegit
523 3671 577 3739 te,
598 3658 777 3734 carissime,
801 3659 955 3724 Dominus
974 3658 1032 3725 sibi
1051 3662 1087 3728 in
1107 3684 1160 3731 sa.

59 3773 220 3840 cerdotem
250 3792 421 3860 magnum,
454 3770 531 3856 quie
565 3779 596 3836 te
627 3768 669 3834 ad
700 3766 764 3835 boc
796 3787 876 3853 opus
906 3771 1055 3855 cognorit
1086 3773 1159 3840 ido·

59 3903 173 3957 neum,
205 3891 242 3945 ut
276 3891 330 3944 tus
360 3888 471 3946 sancta
502 3877 742 3963 praedicatione
771 3878 925 3962 populum
956 3889 1159 3964 peccatorem

55 3999 227 4057 convertas
257 3987 299 4052 ad
328 3987 511 4054 Dominum.
553 3987 604 4050 Est
635 3985 728 4071 igitur
756 3985 892 4070 populns
923 3994 996 4051 tuae
1028 3986 1160 4054 diocesis

56 4099 217 4164 ininsula
240 4096 326 4161 dicta
347 4093 548 4169 Walachria‚
572 4094 606 4156 in
628 4111 693 4177 qua
716 4089 938 4174 (prohdolor)
960 4102 995 4155 ut
1016 4093 1058 4158 ad
1075 4116 1160 4162 meas

55 4227 163 4292 nuper
181 4205 322 4292 pervenit
346 4223 456 4279 aures,
480 4222 561 4267 unus
582 4198 715 4286 quisque
737 4207 865 4283 neptem
887 4208 940 4264 aut
962 4203 1050 4286 quod
1072 4206 1160 4291 peius
