2916 5150
517 495 765 564 cononicus.
1135 501 1194 564 18³

83 662 187 726 ditum
219 661 298 726 dolo
330 662 433 746 oepit,
466 673 498 726 et
528 685 658 730 omnem
680 666 825 730 Trentam
848 685 887 732 ac
910 665 1095 742 Twantam,
1132 689 1194 733 nec

81 790 154 833 non
189 779 220 834 et
243 770 378 854 [partem
399 770 531 836 civitatis
552 773 773 858 Groningensis
794 772 836 836 ad
856 772 1060 839 rebellionem
1081 786 1193 840 contra

81 878 272 963 episcopum
292 889 323 943 et
344 878 492 944 Ottonem
513 882 660 947 comitem
682 882 836 946 incitavit.
882 881 920 946 Et
941 884 1044 968 primo
1065 885 1193 969 quidem

83 985 321 1072 Groningenses
350 986 486 1052 iudicem
508 1008 583 1054 suae
603 989 733 1054 civitatis
754 988 967 1076 abepiscopo
988 991 1031 1056 eis
1050 993 1193 1076 praelec-

83 1103 150 1157 tum
183 1094 367 1160 occidentes
395 1115 484 1159 suam
515 1097 672 1161 civitatem
704 1105 819 1162 contra
850 1097 1067 1163 iusiurandum
1100 1118 1192 1164 muro

82 1202 271 1288 cingebant.
315 1202 436 1266 Deinde
467 1203 616 1268 Follrerus
648 1224 721 1268 oum
753 1205 816 1268 sois
846 1225 955 1270 omnes
983 1206 1123 1272 redditus
1153 1229 1191 1272 er

83 1310 205 1376 Trenta
227 1333 267 1376 ac
289 1311 423 1378 Twenta
445 1312 597 1396 episcopo
616 1333 655 1377 ex
675 1333 763 1378 more
785 1311 907 1377 debitos
928 1313 1051 1378 levavit.
1094 1316 1190 1396 Quod

80 1420 219 1484 audiens
248 1419 414 1504 episcopus
441 1439 570 1484 omnem
601 1422 667 1486 iere
697 1421 845 1486 Trentarn
876 1432 907 1486 et
928 1421 1095 1486 Twentam
1116 1424 1191 1509 igne

81 1525 278 1603 combussit,
309 1549 371 1592 neo
405 1538 509 1592 tamen
539 1530 584 1594 sic
617 1530 658 1594 ad
692 1528 905 1595 obedientiam
927 1529 1062 1595 reduxit.
1106 1523 1205 1598 llaec

81 1633 162 1698 dom
195 1645 363 1719 agerentur
382 1646 535 1700 venerunt
555 1637 733 1702 Traiectum
755 1637 916 1723 Philippus
937 1638 1190 1724 archiepiscopus

81 1743 277 1809 Coloniensis
306 1752 337 1806 et
368 1741 537 1807 Conradus
556 1745 721 1830 episcopus
743 1745 1008 1831 linguntinensis,
1040 1755 1072 1810 et
1103 1745 1189 1811 hane

82 1852 275 1918 discordiam
317 1853 371 1916 tali
403 1853 650 1917 reformaverunt
683 1852 889 1931 conditione,
933 1863 968 1916 ut
1000 1853 1189 1940 lindolphus

81 1979 177 2024 verus
195 1960 386 2024 castellanus
405 1960 643 2024 castellanatum
669 1960 846 2026 Covordiae
866 1961 1001 2026 Trentae
1019 1972 1051 2028 et
1071 1963 1189 2030 Twrn·

81 2077 136 2132 tae
157 2067 191 2132 in
214 2069 302 2132 omni
325 2069 391 2132 iure
412 2078 442 2132 et
464 2067 625 2152 privilegio
655 2067 809 2132 consuetis
829 2065 872 2130 ab
892 2071 1043 2153 episcopo
1062 2071 1188 2136 Traiec-

0 2188 3 2193 ’
81 2177 162 2240 tensi
194 2186 336 2251 teneret,
370 2184 400 2240 ct
433 2177 583 2259 episcopo
604 2194 665 2258 pro
685 2175 774 2238 omni
795 2172 918 2238 damno
947 2175 1036 2238 illato
1056 2178 1187 2242 solveret

82 2287 175 2350 semel
198 2285 280 2349 mille
302 2305 425 2350 marcas
446 2285 580 2370 argenti.
613 2282 676 2347 Sed
697 2302 767 2346 non
789 2281 845 2346 diu
866 2281 945 2348 haee
966 2303 1029 2368 pax
1049 2283 1185 2350 durarit.

10 2449 14 2478 ,Ἴ
84 2394 164 2458 llam
185 2391 262 2458 Otto
293 2413 399 2459 comes
431 2392 471 2455 de
502 2390 654 2456 Denthem
686 2389 731 2453 his
750 2391 841 2476 pacis
862 2391 1101 2457 conditionibus
1119 2412 1185 2457 non

84 2511 257 2566 contentus
283 2521 358 2564 oum
389 2501 539 2584 episcopo
569 2499 720 2564 Trentnm
752 2509 874 2565 armata
906 2521 1005 2565 manu
1035 2500 1185 2566 hostiliter

82 2610 228 2686 intravit,
252 2618 282 2672 et
303 2609 469 2673 commisso
489 2607 612 2692 proelio
632 2625 706 2670 cum
729 2605 960 2682 Trentonibus‚
985 2607 1028 2670 ab
1048 2610 1119 2692 ipsis
1139 2619 1184 2673 est

81 2718 180 2786 vietus
201 2727 232 2783 et
253 2717 393 2804 fugatus,
428 2727 524 2800 atque
553 2713 649 2778 caesis
680 2712 846 2776 nonnullis
866 2713 907 2777 de
925 2715 1083 2778 excercitu
1103 2717 1184 2796 epis·

83 2828 174 2912 copi,
209 2836 336 2890 centurn
368 2824 457 2888 electi
489 2831 682 2908 pugnatores
701 2829 775 2882 sunt
797 2820 892 2904 capti.
940 2819 1061 2884 Deinde
1082 2821 1185 2884 recol·

82 2936 164 3001 lecto
185 2935 324 2999 exercitu
345 2933 511 3018 episcopua
531 2929 643 3004 rediit,
675 2927 729 2992 sed
761 2925 838 2992 nihil
858 2927 999 3013 perfecit.
1041 2909 1182 2992 Tandem

80 3046 248 3130 episeopus
267 3052 339 3128 post
359 3041 456 3104 multa
479 3039 558 3104 bella
579 3047 610 3102 et
632 3035 754 3101 labores
774 3035 964 3103 obdormivit
986 3036 1019 3100 in
1045 3036 1181 3102 Domino

81 3172 172 3216 anno
194 3151 319 3215 Domini
340 3147 485 3214 menesii.

149 3611 210 3668 De
230 3605 437 3665 wtllrelmo
461 3601 615 3661 donnino
632 3595 784 3658 Frtrlae
803 3598 845 3654 et
862 3598 946 3656 olna
963 3599 1111 3668 nuptu·

421 3695 602 3756 §lenam
619 3690 845 3784 celebratis.

529 3894 617 3962 CAP.
640 3893 724 3960 xvi.

13 4115 14 4118 ¹
117 4121 246 4185 Mortuo
290 4110 480 4178 Baldewino
522 4107 673 4193 episcopo
711 4105 896 4170 Traiectensi
930 4106 1088 4172 discordia
1121 4111 1178 4175 luit

73 4233 158 4296 inter
189 4221 381 4309 capitulares
414 4217 454 4281 de
475 4237 559 4284 noro
579 4214 730 4298 episcopo
752 4213 932 4298 deligendo.
977 4215 1055 4280 Nam
1077 4217 1179 4284 Tlrec·
