2916 5150
456 442 703 508 CHRONlCON.
1063 443 1120 506 127

59 663 103 719 De
115 659 329 719 fundatione
347 658 667 716 monasteriorum
682 658 794 715 llos-ll
807 659 973 728 nomae,
993 657 1127 716 Belle·

195 753 325 821 lreem,
344 749 647 822 laudlnoeelrerke
666 753 707 808 el
726 750 972 821 clomcompl.

485 937 573 1003 CAP.
597 936 667 1002 Xll.

88 1155 166 1218 Anno
186 1155 311 1218 Domini
331 1153 463 1227 mclxiii,
487 1173 574 1217 anno
593 1163 710 1237 quarto
722 1152 893 1216 Alexandri
913 1174 1016 1238 papae
1037 1153 1128 1228 terlii,

59 1271 81 1324 el
95 1262 249 1327 undecimo
272 1261 426 1325 Frederici
456 1261 548 1345 primi
569 1261 784 1343 imperatoris,
806 1260 972 1323 fundatum
994 1271 1038 1324 est
1061 1281 1130 1324 mo-

58 1371 192 1434 naslerium
221 1369 313 1432 Horti
344 1368 479 1442 llarine,
511 1369 605 1452 vulgo
637 1367 852 1452 llarigaerde,
884 1367 1004 1431 ordinis
1034 1369 1131 1432 Prae·

59 1479 304 1542 nausearensium
336 1497 355 1540 a
387 1476 558 1541 venerabili
589 1475 657 1540 vivo
688 1495 727 1540 ac
760 1477 825 1540 Deo
846 1476 947 1564 digno
967 1475 1132 1541 sacerdote

59 1585 192 1652 lredevico
218 1595 347 1671 pastore
378 1584 418 1648 de
450 1586 590 1660 llnllem,
625 1586 680 1670 qui
711 1587 830 1668 primus
851 1585 929 1649 illius
950 1586 1133 1649 monaslerii

18 1735 20 1744 ,
60 1691 133 1757 abhas
159 1695 258 1760 iactus
289 1704 334 1758 est
362 1702 435 1777 post
463 1691 686 1757 sanctissimam
717 1693 830 1772 vilam3
865 1693 969 1757 mullis
989 1715 1029 1760 oe
1049 1713 1134 1778 pene

18 1835 20 1916 p
59 1801 159 1865 infinilis
188 1813 253 1867 lam
286 1802 319 1866 in
350 1801 412 1866 vila
446 1820 544 1886 quam
574 1810 645 1883 post
677 1810 810 1864 mortem
842 1803 944 1866 clarus
965 1801 1133 1867 miraculis.

59 1905 123 1973 Dhiil
140 1930 225 1974 anno
248 1910 377 1973 Domini
399 1909 542 1983 mclxxv,
567 1907 663 1971 nonis
684 1907 795 1974 llarlii.
840 1909 934 1974 Cuius
954 1911 1051 1975 rilam
1072 1908 1136 1972 ele·

59 2018 127 2100 grnli
152 2019 218 2082 slilo
252 2017 441 2100 conscripsit
464 2015 610 2080 dominus
631 2013 807 2078 Sibrandns
827 2018 984 2099 praedioli
1004 2037 1136 2082 monas·

58 2122 109 2186 leri
135 2124 227 2191 abbas
263 2134 375 2188 sexlus.
418 2123 563 2188 Eiusdem
595 2120 718 2186 abbatis
738 2132 880 2207 tempore
901 2124 1071 2187 fundatum
1091 2134 1136 2187 est

59 2229 167 2297 eusdem
187 2232 313 2298 ordinis
337 2233 563 2296 monasterinm
584 2230 773 2295 monialium
794 2231 926 2296 nomine
947 2229 1135 2297 Dellelveem.

58 2341 131 2404 luno
160 2341 290 2408 Domini
319 2339 414 2404 mcliii
456 2338 534 2403 obiit
575 2338 664 2404 divus
695 2339 875 2404 Demardus
905 2339 1139 2406 Clarevallenns

58 2445 135 2512 obbas
161 2451 290 2536 primus.
344 2446 465 2512 Deinde
506 2467 596 2510 anno
635 2447 763 2512 Domini
804 2451 926 2525 mclxv,
971 2469 1060 2514 anno
1097 2446 1139 2512 xii

57 2564 111 2635 posl
131 2568 263 2622 moriem
295 2555 379 2620 beari
411 2554 466 2620 riri
489 2553 640 2618 Bernardi
661 2553 800 2632 abbatis,
835 2578 922 2622 anno
953 2559 1005 2622 xiii
1026 2559 1140 2622 Frede-

57 2660 99 2726 n'ci
124 2666 209 2748 primi
238 2663 459 2748 imperatoris,
503 2661 675 2724 nudarum
708 2672 753 2724 est
783 2665 1009 2728 monasterium
1040 2662 1142 2729 Clari·

58 2774 141 2856 srmpi
169 2775 200 2837 in
231 2792 322 2858 pago
355 2767 634 2854 Renismagheest,
680 2770 768 2834 euius
799 2772 918 2855 primus
950 2768 1050 2834 abbas
1082 2771 1141 2833 soit

18 2945 20 2970 ,
56 2875 132 2944 lreln
150 2882 228 2968 llyso
254 2880 388 2944 natione
409 2878 510 2953 lviso,
533 2879 689 2962 professus
709 2879 741 2942 in
762 2877 1009 2944 liiddershusen.
1045 2877 1141 2960 Quod

18 2993 20 3058 ῗ
59 2993 258 3056 nonasterium
297 2997 455 3074 quantum
485 2986 519 3050 in
549 2986 709 3070 principio
739 2988 868 3052 fervoris
899 2988 946 3051 sui
975 2989 1139 3065 floruerit,

59 3096 138 3164 odore
166 3109 299 3166 sanctae
332 3093 582 3160 conversationis
614 3101 756 3158 caeteros
788 3094 830 3158 ad
857 3096 968 3161 similes
1000 3096 1143 3163 abhelino

18 3270 20 3289 Ι
59 3202 220 3273 lundmdas
242 3205 408 3279 alliciens,
443 3201 504 3265 alie
526 3202 717 3265 monasteria
740 3202 880 3268 eiusdem
902 3205 1023 3270 ordinis
1044 3226 1082 3272 ex
1103 3228 1143 3272 εο

18 3299 20 3316 '
59 3315 228 3395 prodeuntia
261 3312 420 3378 indicant.
464 3309 544 3374 Nom
575 3309 640 3374 eins
678 3310 890 3396 primogenite
924 3323 969 3377 est
1001 3315 1144 3381 Flovidus

18 3431 20 3444 ’
60 3421 188 3510 Campum
219 3422 363 3490 secunda
385 3418 429 3482 ad
449 3429 596 3484 sancium
618 3419 817 3484 Bernardum
837 3421 873 3482 in
894 3422 1063 3502 Aedwert3
1082 3434 1145 3488 ter·

59 3531 91 3595 lie
118 3546 159 3598 est
190 3530 404 3602 Hierusalem,
439 3527 514 3591 alias
545 3525 827 3601 Gherlriseloester,
860 3525 901 3590 de
930 3527 1045 3612 quibus
1065 3532 1145 3596 inlra

18 3653 20 3720 ξ’
57 3639 106 3704 sris
133 3641 166 3704 in
193 3641 274 3704 locis
294 3637 435 3711 dicetur,
470 3633 573 3717 capilo
593 3634 687 3699 xxxii.
729 3637 828 3698 Anno
851 3636 977 3699 Domini
998 3637 1144 3717 mclxviii,

18 3793 19 3798 η
58 3750 235 3832 temporibus
264 3743 436 3811 Alexandri
462 3763 565 3828 papae
597 3743 679 3806 terlii
700 3752 731 3807 el
753 3743 908 3809 Frederici
929 3745 1022 3830 primi
1044 3721 1146 3832 impe-

57 3859 173 3935 raloris,
216 3875 310 3920 anno
342 3873 399 3916 suo
429 3856 500 3926 xvi,
548 3851 588 3914 de
620 3871 780 3916 consensu
811 3853 992 3918 venerabilis
1021 3856 1145 3920 domini

59 3961 204 4030 Godelridi
235 3964 371 4051 vigesimi
403 3961 506 4025 oelari
538 3959 677 4045 episcopi
708 3961 910 4026 Traieclensis
942 3962 1058 4026 electus
1079 3973 1144 4038 est,

57 4080 82 4134 el
107 4095 162 4158 per
193 4074 334 4140 eundem
365 4072 547 4158 episcopum
580 4068 788 4132 confirmatus
808 4069 996 4154 Wigboldus
1016 4070 1147 4137 natione

58 4178 155 4261 llriso,
185 4183 306 4268 primns
336 4179 435 4246 abbas
457 4176 637 4244 monaslerii
657 4175 777 4242 ordinis
797 4175 1034 4246 Canonicorum
1055 4202 1147 4268 regu·
