2950 5144
316 471 361 536 nt
751 463 975 531 Wosraal
994 500 998 513 ·

317 657 389 702 nrm
418 637 531 701 Frisiae
555 635 679 714 totum
698 635 733 699 in
755 632 1000 701 Groenenberch
1020 632 1314 719 lorte'congregati.
1359 633 1424 715 Qui

317 745 512 833 egredientes
532 744 575 810 ad
595 763 710 812 navem
730 744 808 810 scire
828 741 998 817 volebant,
1032 741 1121 808 unde
1142 741 1281 818 reniret,
1304 733 1426 827 apsidas

316 855 394 923 nori
424 861 618 938 apportaret.
662 850 751 933 Quos
782 850 966 917 adolescens
996 851 1038 917 ad
1069 872 1102 916 sa
1133 851 1241 916 venire
1261 849 1425 934 conspici·

317 981 394 1038 ens,
438 959 603 1046 sciensque
642 958 734 1046 quod
766 969 868 1024 terrae
899 957 1019 1026 iudices
1049 968 1174 1032 essem,
1217 958 1351 1022 comiter
1385 979 1425 1023 ac

316 1069 456 1156 benigne
486 1089 541 1135 eos
568 1069 604 1132 in
627 1087 853 1133 naremssam
873 1087 947 1133 cum
968 1066 1046 1132 dole
1066 1065 1218 1152 excepit‚'
1243 1075 1341 1152 atque
1363 1085 1425 1152 po·

317 1188 385 1242 tum
406 1178 626 1252 fortissimum,
657 1197 754 1264 quern
774 1196 813 1240 ex
833 1174 984 1240 industria
1005 1175 1048 1240 ad
1069 1173 1133 1240 hoc
1152 1195 1261 1240 metm
1281 1193 1424 1260 assmp-

317 1293 418 1359 serat,
459 1285 503 1349 eis
542 1284 672 1352 abunde
713 1283 909 1350 ministrarit
965 1285 1006 1348 At
1036 1285 1080 1349 illi
1112 1293 1204 1370 potus
1235 1283 1427 1370 ignorantes

316 1391 497 1478 potentiam
517 1391 665 1458 inebriati
684 1402 777 1469 sunt,
813 1402 844 1457 et
874 1393 961 1478 gravi
991 1395 1131 1480 oppressi
1164 1413 1290 1458 somno.
1332 1391 1425 1474 Quos

316 1501 368 1565 ille
399 1511 478 1585 potu
510 1519 686 1586 somnoque
716 1498 847 1565 obrutos
874 1501 1003 1578 ridens.
1037 1503 1144 1570 levatis
1165 1501 1313 1568 anchoris
1333 1500 1423 1566 solvit

317 1628 450 1684 navem,
483 1619 580 1695 atque
610 1607 716 1673 ferreis
745 1608 948 1692 mancipatos
977 1609 1129 1686 vinculis,
1162 1629 1265 1674 versus
1284 1609 1422 1674 Daniam

317 1716 504 1801 navigando
541 1717 674 1782 adrexit.
729 1713 791 1798 Qui
833 1726 906 1782 anto
946 1717 1025 1802 regis
1065 1717 1185 1782 Daniae
1215 1727 1424 1802 conspectum

318 1825 474 1902 adducti,
503 1835 558 1890 aut
590 1823 751 1889 crudelem
771 1824 874 1890 subire
894 1834 1050 1902 mortem,
1087 1835 1142 1892 aut
1170 1825 1298 1892 Frisiam
1321 1835 1423 1891 totam

317 1934 468 2000 subiicere
496 1933 639 1998 Dacicae
668 1933 827 2010 servituti,
862 1934 969 1999 eoacti
998 1944 1080 2000 sunt.
1132 1934 1171 1998 Et
1200 1935 1246 1999 sic
1277 1934 1373 2000 Frisia
1403 1957 1423 2000 a

317 2063 391 2129 rege
412 2041 533 2107 llaniae
554 2040 686 2109 subacta
706 2050 776 2118 est.
808 2052 840 2106 et
861 2041 979 2106 afflicta
1000 2041 1114 2118 valde,
1148 2043 1299 2128 grariw
1319 2053 1352 2107 et
1373 2043 1422 2108 in·

316 2149 471 2218 tolerabili
503 2171 652 2236 oppresse
672 2151 828 2218 servitute.
871 2151 924 2216 Sic
954 2160 1041 2236 patet
1061 2150 1151 2237 quod
1171 2152 1274 2237 prima
1294 2153 1424 2218 servius

315 2261 415 2326 Frisiis
444 2281 483 2324 er
514 2261 638 2325 oriente
667 2260 839 2324 allanicis
859 2258 982 2344 regibus
1002 2259 1071 2327 luit.
1115 2260 1233 2328 Verum
1253 2260 1423 2347 quomodo

317 2369 360 2435 ab
380 2369 442 2434 hac
462 2367 563 2453 prima
585 2367 731 2432 servitute
751 2366 865 2432 luerint
887 2365 1029 2442 liberati,
1053 2378 1107 2433 aut
1128 2389 1227 2454 quam
1248 2369 1304 2434 diu
1324 2370 1423 2444 dura·

282 2479 414 2554 'verit,
448 2476 490 2541 ad
521 2475 676 2562 liquidum
705 2475 848 2542 invenire
880 2474 1010 2540 minime
1030 2477 1132 2562 potui.
1175 2479 1258 2544 Nem
1279 2477 1343 2544 hoc
1364 2480 1422 2544 lal-

316 2607 385 2652 sum
406 2607 489 2662 esse.
526 2595 557 2650 et
578 2585 653 2649 vitio
676 2586 723 2651 vel
743 2603 851 2649 errore
870 2583 1060 2670 scriptorum
1082 2588 1262 2673 appositum
1282 2597 1420 2664 constat,

316 2695 406 2783 quod
447 2696 480 2759 in
522 2692 714 2780 quibusdam
746 2692 912 2758 Frisonurn
942 2681 1102 2760 chronicis
1134 2695 1207 2761 huic
1235 2696 1423 2780 praedictae

316 2802 496 2869 subactioni
529 2803 688 2866 continuo
720 2800 917 2865 subnectitur
937 2801 978 2867 de
998 2802 1139 2868 adventu
1159 2803 1191 2870 S.
1213 2804 1422 2870 willebrordi

316 2911 359 2977 ad
388 2909 534 2983 Frisium,
568 2907 659 2993 quasi
687 2926 746 2992 per
773 2927 847 2970 eum
875 2907 937 2974 hac
965 2909 1081 2975 luerint
1110 2913 1254 2978 servitute
1284 2911 1421 2979 liberati.

315 3017 396 3082 llam
418 3017 442 3079 si
464 3016 543 3081 haec
564 3015 622 3079 luit
643 3014 746 3100 prima
766 3014 931 3091 subactio,
964 3018 1065 3083 Brisiis
1084 3039 1231 3106 unquam
1252 3041 1270 3084 a
1292 3021 1423 3087 llanicis

315 3122 440 3212 regibus
471 3123 577 3200 illata,
610 3133 737 3188 constat
765 3124 911 3209 prolecto
944 3121 1031 3192 hanc
1063 3127 1161 3214 longe
1182 3139 1259 3193 ante
1279 3129 1424 3194 demini·

316 3253 389 3299 cam
420 3232 680 3298 incarnationem
711 3233 802 3296 fuisse
833 3233 972 3310 sectam,
1006 3236 1096 3321 quod
1127 3239 1317 3304 auctoritate
1345 3257 1421 3323 pro·

274 3417 276 3420 ¹
314 3342 410 3407 batur
442 3341 574 3407 Saxonis
604 3341 800 3426 grammatici
830 3342 879 3406 ii0·
910 3341 990 3408 libro
1030 3343 1206 3412 chronicae
1235 3349 1418 3424 banorum.

314 3451 370 3516 ubi
392 3451 488 3527 dicit,
523 3450 669 3514 Frisones
697 3451 803 3534 primo
835 3451 927 3515 luisse
959 3450 1108 3518 subactos
1137 3456 1319 3522 aFrotone
1340 3460 1417 3535 imo,

314 3581 387 3645 rege
416 3561 575 3623 banorum
607 3559 667 3622 iro·
722 3558 844 3624 Deinde
881 3558 963 3624 libro
995 3560 1085 3626 riiivo
1117 3564 1255 3630 eiusdem
1288 3567 1419 3634 chroni-

315 3688 374 3732 cae
403 3667 498 3744 dicit,
531 3666 686 3733 Christum
716 3665 821 3731 lasum
842 3668 934 3733 luisse
964 3681 1078 3736 natum
1098 3673 1156 3739 sub
1185 3675 1328 3740 Fortuna
1351 3679 1418 3755 iiio.

314 3775 370 3861 qui
390 3791 484 3840 ιω·
504 3772 563 3839 luit
579 3794 634 3840 rex
651 3775 826 3840 banorum.
859 3775 953 3842 Unde
973 3790 1100 3846 constat
1122 3782 1173 3847 ni
1194 3781 1286 3848 fuisse
1308 3785 1418 3850 Dano-

313 3901 383 3946 rum
414 3901 501 3966 reges
531 3882 615 3947 inter
645 3883 732 3947 hanc
763 3881 983 3950 subactionem
1015 3898 1046 3952 et
1076 3888 1188 3955 Christi
1208 3891 1416 3959 nativitatem.

313 3991 351 4056 llt
382 4000 511 4056 sanctus
543 3989 772 4056 willebrordus
803 3993 907 4076 primo
929 3996 973 4059 ad
993 3994 1120 4060 Frisiarn
1142 3998 1224 4062 venit
1246 4019 1337 4065 anno
1361 4002 1418 4068 do·

312 4098 389 4162 mini
408 4099 507 4165 vicxc.
551 4099 640 4164 Unde
660 4119 730 4164 non
750 4110 798 4173 est
818 4101 1033 4178 credendum,
1073 4103 1216 4170 Frisones
1237 4116 1318 4176 tunc
1340 4119 1418 4180 tem·

312 4205 399 4289 poris
419 4215 485 4272 taur
506 4205 679 4284 barbaros.
703 4219 769 4272 tam
790 4208 873 4274 ieros
893 4219 990 4294 atqua
1010 4209 1145 4280 libertati
1166 4223 1326 4293 amietos,
1353 4227 1415 4282 tam
