2916 5150
513 455 764 526 cflaottlcott.
1128 460 1188 526 1oe

88 624 254 711 privilegio
285 624 434 693 libertatis
464 627 522 714 ipsi
554 627 701 710 pontifici
733 647 856 694 mmmo
876 628 1138 695 denunciaverint
1157 639 1190 694 et

88 734 300 801 ostenderint.
373 740 376 746 '

126 1185 187 1242 De
213 1183 433 1254 uergeret·
454 1185 706 1256 inperatrice
733 1186 774 1242 et
790 1185 997 1244 wunsam
1014 1187 1156 1244 conice

162 1279 250 1336 ctus
265 1276 359 1334 ftlto
377 1279 495 1350 osque
514 1277 563 1336 de
579 1277 823 1350 ”meltune
838 1281 881 1338 tn
897 1280 1120 1338 lotludts.

542 1480 631 1548 CAP.
652 1482 747 1548 xttt.

135 1699 263 1764 Mortuo
295 1698 410 1764 comite
439 1697 606 1784 praedicto
635 1698 754 1786 absque
775 1698 879 1766 liberis
898 1701 1074 1787 Margareta
1094 1701 1194 1787 impe·

92 1808 189 1872 ratrix
210 1827 291 1872 uxor
312 1806 464 1874 Lodorici
485 1809 696 1894 imperatoris,
722 1809 811 1876 ducis
833 1810 1008 1885 Barariae.
1032 1810 1195 1876 descendit

93 1927 168 2003 post
199 1926 333 1982 mortem
364 1917 467 1980 fratris
498 1918 544 1980 sui
577 1917 733 1982 Wilbelmi
755 1921 877 1984 comitis
898 1919 1039 1986 defuncti
1060 1919 1096 1984 in
1118 1918 1196 1983 floi-

89 2027 225 2106 landia‚
259 2035 290 2090 et
321 2025 356 2089 in
379 2025 527 2090 ultionem
549 2025 636 2090 necis
656 2025 759 2090 fratris
780 2027 826 2088 sui
847 2027 882 2088 in
902 2028 997 2091 Frisia
1016 2028 1192 2113 perempti,

9 2113 10 2118 ἵ
89 2135 284 2202 confiscavit
305 2137 414 2199 omnia
437 2133 542 2210 bona,
578 2154 661 2220 quae
682 2132 766 2197 Frisii
788 2143 853 2196 tam
873 2133 1063 2218 spirituales,
1095 2155 1195 2218 quam

91 2247 249 2312 seculares
281 2243 458 2308 habuerunt
491 2243 523 2306 in
554 2239 734 2306 Hailandia.
778 2241 921 2327 Inprimis
941 2241 1073 2306 insulam
1093 2242 1197 2308 Marc·

91 2355 241 2421 kenhove
272 2374 370 2439 quam
405 2352 452 2434 (ut
485 2373 580 2437 supra
610 2351 723 2416 eodem
755 2349 836 2415 libro
857 2351 963 2438 capite
981 2350 1095 2417 mviii
1116 2349 1196 2416 dixi-

89 2465 176 2549 mus)
210 2462 308 2528 abbas
338 2461 379 2527 de
410 2460 603 2549 Marigaerdc
632 2472 751 2527 emerat
781 2484 800 2526 a
834 2461 967 2530 domino
1004 2462 1134 2528 Nioolao
1155 2461 1196 2526 dc

90 2576 233 2660 Persyn‚
268 2571 448 2656 imperatrix
480 2569 622 2634 vendidit
644 2569 769 2634 diversis
789 2580 820 2632 et
840 2569 982 2654 pluribus
1002 2573 1196 2659 emptoribus

1 2689 2 2692 ’
91 2696 124 2749 et
156 2680 393 2749 mercatoribus.
438 2679 582 2744 Similiter
612 2677 721 2741 omnia
750 2677 910 2763 privilegia
940 2687 970 2740 ct
999 2683 1068 2744 iura
1089 2681 1197 2748 abbati

91 2803 125 2858 et
160 2791 336 2858 conventui
368 2791 410 2854 de
442 2786 703 2874 Ludingekcrclre
732 2808 753 2850 a
785 2786 955 2852 withetmo
976 2786 1195 2854 Romanorum

91 2922 168 2988 rege
196 2910 227 2965 et
262 2900 378 2964 comite
399 2896 588 2962 ilcilandiae
607 2895 683 2960 data
704 2906 735 2961 et
756 2917 907 2963 concessa
928 2895 1068 2974 abstulit,
1091 2908 1122 2962 ct
1143 2900 1196 2963 cui

90 3011 192 3078 votuit
214 3009 313 3074 dedit.
357 3005 477 3072 Deinde
497 3004 699 3072 Wiihelmum
719 3009 874 3070 seniorem
895 3005 994 3070 filium
1014 3028 1105 3072 suum
1121 3007 1196 3072 feeit

90 3119 243 3184 comitem
275 3115 483 3188 Hoilandiae‚
518 3115 574 3200 qui
607 3112 665 3176 suit
685 3135 726 3176 xx
747 3115 1063 3200 comesfloliandiee
1084 3127 1114 3181 et
1137 3117 1196 3182 Ze·

40 3227 43 3233 '
91 3229 234 3292 landiac.
290 3225 352 3307 Qui
391 3231 462 3308 post
504 3242 625 3306 paucos
666 3242 768 3286 annos
799 3225 967 3309 resignarit
999 3227 1091 3291 matri
1121 3247 1196 3294 suae

91 3337 282 3403 comitatum
316 3329 526 3405 bethadiae,
560 3331 613 3416 sed
643 3331 796 3398 instinctu
818 3335 1043 3419 quorundam,
1076 3338 1131 3422 qui
1152 3337 1196 3401 illi

89 3447 211 3532 magis,
234 3463 333 3530 quarn
354 3441 447 3504 matri
468 3439 658 3524 imperatrici
680 3441 845 3516 faverunt,
876 3444 1004 3527 propria
1027 3446 1196 3511 autoritate

91 3554 269 3638 resumpsit.
314 3552 359 3614 Ex
390 3549 452 3613 hoc
483 3550 571 3612 iacto
593 3549 709 3613 scilicet
731 3569 819 3614 anno
840 3550 963 3616 Domini
984 3554 1085 3619 mcocl
1106 3564 1196 3619 ortae

91 3674 169 3727 sunt
200 3662 283 3726 duae
315 3660 521 3745 partialitates
540 3657 574 3722 iu
595 3658 783 3735 Hollandia,
819 3681 901 3746 quse
923 3672 1015 3727 antea
1036 3683 1105 3727 non
1125 3663 1195 3730 fue·

90 3783 190 3852 runt3
223 3770 311 3835 unde
331 3771 429 3833 multa
452 3767 572 3832 damna
593 3778 624 3832 ct
644 3790 762 3855 magna
783 3769 990 3836 incommoda
1013 3773 1190 3851 nobilibus,

89 3879 273 3948 civitatibus
310 3888 341 3942 et
384 3877 477 3961 vulgo
498 3888 698 3942 emerserunt.
756 3877 897 3959 Quarum
930 3903 994 3945 una
1028 3880 1194 3946 dicebatur

89 3994 189 4078 vulgo
211 3990 262 4055 die
284 3990 408 4060 Hoccx,
432 3996 462 4048 et
483 3983 573 4048 buius
592 3986 689 4069 partis
710 3987 815 4070 capita
837 3988 963 4054 suerunt
986 3990 1133 4055 dominus
1153 3991 1194 4058 de

89 4098 311 4173 Brcderoede‚
341 4093 489 4159 dominus
522 4093 562 4158 dc
591 4095 676 4160 Leck
705 4107 736 4159 et
756 4096 799 4159 itti
819 4098 860 4162 de
882 4099 1079 4166 Ruiclrhorst.
1125 4104 1193 4169 Alia

89 4211 270 4300 partialitas
300 4204 466 4271 dicebatur
499 4205 550 4269 die
570 4203 741 4282 (labdone,
778 4208 865 4273 cuius
886 4211 1045 4295 capitanei
1066 4211 1192 4279 fuerunt
