2950 5144
321 472 364 538 BB
725 494 727 498 ·
768 466 990 532 Woltrnttr

350 669 553 734 Quomodo
571 671 755 730 meones
773 672 815 726 ct
833 669 1003 728 saxones
1020 667 1283 738 inumata,
1302 681 1411 742 quae

312 783 324 792 ¹·
354 776 458 823 nune
475 763 617 835 uene
635 763 796 832 dicitur,
811 761 937 832 ‚uun
952 761 1094 820 tneettx
1111 760 1394 834 possederunt.

777 961 865 1028 CAP.
889 959 959 1027 Vll.

359 1189 458 1252 Anno
478 1181 613 1266 ,Domini
633 1180 764 1246 ccclxvii
786 1177 834 1264 (ut
865 1189 975 1245 narrat
996 1178 1178 1246 venerabilis
1194 1179 1289 1248 Beda
1310 1180 1368 1249 lib.
1388 1183 1423 1258 i,

315 1295 461 1360 historiae
492 1288 681 1375 Anglorum)
714 1289 865 1354 Maximus
894 1290 926 1354 in
948 1289 1116 1355 Britannia
1137 1289 1309 1374 imperator
1328 1311 1425 1354 crea·

316 1414 386 1481 tus,
431 1408 557 1484 sumpto
589 1419 694 1464 secum
728 1419 766 1462 cx
797 1396 965 1462 Britannia
997 1398 1087 1462 omni
1109 1395 1224 1461 robore
1245 1396 1420 1475 Romano,

316 1509 527 1593 omnibusque
547 1505 590 1570 ad
610 1505 692 1570 bella
713 1507 811 1591 aptis,
846 1507 880 1570 in
903 1506 1035 1572 Galliam
1057 1505 1198 1582 transiit,
1233 1505 1423 1574 Gratianum

314 1625 487 1704 Augrntnm
520 1613 656 1690 occidit,
697 1613 918 1680 valentianum
950 1615 1123 1700 Augustum
1156 1613 1249 1681 Italia
1279 1616 1419 1700 expulit,

311 1737 347 1791 et
376 1723 505 1790 tandem
533 1724 599 1808 ipse
630 1743 650 1786 a
682 1721 860 1811 Theodosio
880 1723 1003 1788 occisis
1023 1732 1080 1787 est.
1124 1723 1163 1786 Bt
1184 1744 1240 1808 per
1261 1721 1326 1788 hoc
1348 1725 1420 1789 Bri·

313 1835 428 1900 uenis
458 1833 545 1897 omni
572 1840 695 1895 armato
716 1829 850 1914 spoliata
871 1831 969 1895 milite
988 1829 1125 1915 praedae
1147 1840 1273 1896 tantum
1292 1833 1417 1916 patuit,

311 1951 423 2028 utpote
453 1939 558 2008 omnis
590 1939 692 2004 bellici
723 1958 796 2003 mue
827 1940 951 2023 ignara.
992 1938 1136 2005 APiotis
1156 1940 1242 2004 enim
1263 1940 1421 2010 etScotie

313 2051 443 2128 afflicti,
485 2049 590 2116 coacti
607 2103 610 2110 .
630 2056 706 2112 nint
738 2047 959 2113 Romanorum
989 2057 1096 2132 petere
1132 2032 1293 2118 auxilium.
1345 2051 1420 2116 Blox

313 2161 404 2224 missa
435 2163 493 2223 est'
511 2158 603 2243 legio,¹
617 2183 624 2214 z
643 2177 729 2242 quae
760 2177 834 2220 cum
866 2155 1006 2220 hostibus
1037 2176 1228 2242 congressa,
1252 2159 1286 2222 in
1308 2159 1420 2246 fugam

305 2268 469 2334 convertit.
495 2283 559 2330 eos.
602 2261 743 2328 Reverso
776 2271 880 2328 autem
910 2263 1034 2349 legione
1065 2263 1102 2328 in
1122 2265 1269 2342 Italiam.
1305 2267 1420 2334 reversi

308 2385 385 2441 sunt
425 2372 528 2437 hostes
558 2371 594 2434 in
627 2369 842 2437 Britanniam..
873 2370 1075 2458 iterumque
1107 2372 1260 2440 redeunte
1292 2376 1419 2462 legione

310 2486 458 2568 iugemnt
490 2478 593 2544 hostes
623 2488 685 2544 eto.
742 2477 804 2542 Sed
835 2498 908 2543 cum
938 2479 1129 2544 secundario
1144 2479 1188 2566 (⁸)
1222 2494 1417 2556 recesserunt

304 2589 449 2658 Romani
480 2589 548 2654 sine
577 2609 634 2673 spe
654 2586 825 2663 redeundi,
869 2587 993 2672 gravius
1022 2609 1119 2674 quam
1153 2599 1225 2654 ante
1254 2591 1417 2658 irruerunt

308 2703 411 2768 hostes
428 2697 594 2784 praedicti.
637 2697 758 2762 Placuit
788 2696 884 2782 igitur
904 2696 1053 2763 omnibus
1076 2697 1236 2763 Britannis
1258 2719 1334 2766 cum
1357 2722 1415 2768 suo

308 2832 379 2898 rege
421 2806 629 2892 Vurtigernc,
674 2816 709 2868 ut
750 2805 914 2871 Saxonum
934 2882 938 2890 ι
955 2816 1081 2891 gentem
1123 2807 1164 2872 de
1193 2813 1417 2878 transnarinis

302 2918 448 3008 partibus
467 2916 503 2978 in
524 2914 672 2978 auxilium
693 2925 853 2980 vocarent.
885 2915 985 3000 igitur
1005 2936 1097 2982 anno
1109 2917 1236 2985 Domini
1256 2921 1411 3000 ccccxlix,

305 3024 483 3094 secundum
511 3020 648 3086 eundem
676 3019 796 3087 Bedam
829 3022 883 3089 lib.
905 3024 933 3100 i,
969 3023 1009 3089 de
1030 3026 1121 3109 gestis
1141 3026 1312 3112 Anglorum
1333 3050 1412 3114 cap.

305 3159 363 3213 xv,
395 3133 558 3196 Saxonum
588 3151 666 3216 gans
695 3131 830 3196 invitate
862 3153 881 3196 a
919 3153 992 3220 rege
1011 3133 1205 3220 vurtigerno·
1222 3135 1411 3220 praediolo,

306 3242 503 3310 Britanniam
534 3240 632 3306 tribus
663 3241 764 3327 longis
784 3241 915 3308 naribus
936 3239 1120 3322 advehitur,
1154 3253 1186 3310 et
1205 3244 1240 3308 in
1262 3245 1413 3311 orientali

304 3363 395 3439 parte
424 3349 545 3415 innrlae
574 3348 781 3426 Britanniae,
818 3349 949 3417 iubente
980 3350 1094 3416 eodem
1127 3373 1220 3439 rege,
1255 3353 1413 3420 manendi

303 3464 430 3536 locum.
461 3457 552 3546 quasi
578 3479 639 3543 pro
670 3459 772 3544 patria
802 3468 1000 3546 pugnatura,
1034 3481 1068 3525 re
1098 3470 1203 3525 autem
1226 3483 1299 3527 rere
1319 3461 1412 3530 hane

186 3619 188 3623 .
302 3577 518 3656 expugnatura
549 3569 693 3653 suscepit.
737 3568 823 3634 Inito
854 3589 930 3654 ergo
952 3571 1126 3637 certamine
1147 3592 1221 3636 cum
1243 3571 1408 3653 hostibus,

302 3683 357 3766 qui
387 3679 429 3744 ab
448 3678 606 3763 Aquilone
627 3677 667 3741 ad
690 3677 791 3743 aciem
812 3690 983 3757 venerant,
1016 3680 1183 3745 victoriam
1203 3695 1409 3768 sumpserunt

300 3789 455 3852 Saxones.
497 3786 592 3868 Quod
622 3785 677 3851 ubi
709 3785 842 3850 domum
871 3788 1001 3852 caeteris
1030 3788 1207 3854 Saxonibus
1237 3801 1284 3855 est
1314 3813 1409 3857 nun·

300 3898 430 3972 datum,
471 3896 561 3960 simul
602 3906 633 3960 el
664 3896 786 3959 insulae
815 3896 996 3963 Britanniae
1026 3898 1166 3963 fertilitas
1194 3909 1225 3964 et
1257 3901 1409 3986 segnities

299 4006 488 4081 Beronum,
510 4004 643 4070 mittitur
663 4003 828 4070 confestim
849 4027 888 4072 eo
911 4007 1014 4073 clatris
1033 4008 1186 4093 prolixior
1205 4021 1407 4077 armatorum

290 4168 450 4186 m

334 4235 379 4304 (ι)
416 4237 437 4288 i.
455 4253 481 4290 e.
499 4237 618 4289 secunda
636 4239 708 4296 ricc.
