2950 5144
307 491 350 556 nt
726 476 947 544 Wottrttur

309 655 389 720 tinus
421 651 513 714 refert
544 650 576 712 in
598 644 763 728 chronica)
787 643 924 709 Romam
947 644 1092 721 veniens,
1116 645 1156 709 de
1176 665 1262 730 squo
1284 646 1328 711 ad
1352 648 1412 710 mi-

308 763 383 826 liare
413 755 597 829 descendit,
632 765 663 818 ct
695 754 790 838 pedes
809 753 919 817 eundo
939 775 997 837 per
1017 753 1127 820 urbem
1148 775 1259 820 omnes
1279 756 1413 822 ecclesi·
1468 753 1470 812 i

306 890 395 935 urum
417 875 520 950 portes
540 863 695 926 humiliter
715 861 892 926 deosculari
914 863 1082 928 consuevit.
1117 863 1246 945 Quanto
1267 863 1412 950 denique
1469 855 1470 918 t

307 977 483 1047 catholicae
511 971 585 1036 fidei
615 972 684 1036 zeto
716 968 868 1044 ardebat,
902 971 943 1034 ad
976 971 1172 1036 dilatandam
1201 971 1410 1037 Christianam

305 1087 421 1159 fidem,
453 1081 572 1146 nedum
602 1080 634 1144 in
654 1099 713 1142 suo
732 1097 848 1162 regno,
878 1078 990 1142 sedin
1014 1089 1081 1144 tota
1102 1081 1250 1164 Europa,
1284 1081 1411 1166 liquido

305 1205 394 1281 putet
415 1189 529 1276 legenti
550 1187 700 1252 historias.
741 1186 822 1250 Nam
842 1185 984 1252 Saxones
1004 1188 1097 1252 xxxiii
1118 1189 1212 1252 annis
1232 1187 1308 1252 diris
1329 1209 1412 1253 oon·

307 1314 356 1366 tra
379 1320 434 1363 eos
454 1295 577 1383 proeliis
598 1294 781 1359 dimicando
801 1293 877 1358 fidei
898 1294 1094 1361 Christianae
1114 1296 1255 1362 subiecit.
1291 1296 1412 1361 Deinde

306 1407 490 1493 Rispaniam
510 1425 567 1488 per
587 1402 757 1466 multorum
779 1401 953 1486 triumphos
968 1403 1121 1468 beliorum
1142 1405 1294 1470 adfidcm
1306 1403 1413 1470 Chris·

304 1520 426 1582 tianam
456 1510 622 1576 convertit.
665 1508 754 1572 idem
784 1507 914 1573 Carolus
933 1491 1240 1596 postquam'terram
1261 1520 1410 1576 sanctam

306 1627 347 1690 de
376 1629 532 1707 potestate
560 1618 809 1682 Sarracenorum
841 1616 973 1700 eripuit,
1007 1627 1039 1682 ct
1058 1639 1115 1703 per
1136 1619 1411 1704 Constantinopo-

307 1736 361 1799 lim
389 1729 523 1802 rediret,
557 1746 688 1799 aurum,
722 1735 903 1810 argentum,
939 1745 1142 1812 gemmasque
1170 1727 1324 1812 pretiosas
1355 1750 1412 1812 per

304 1843 527 1926 imperatorem
565 1832 960 1915 constantinopolitanum
991 1832 1049 1896 sibi
1081 1834 1232 1900 exhibitas
1264 1837 1411 1922 accipere

305 1949 424 2021 renuit,
458 1944 513 2008 sed
543 1943 624 2006 solas
656 1941 840 2005 Dominicae
872 1940 1025 2025 passionis
1057 1952 1088 2006 et
1109 1942 1303 2008 Sanctorum
1335 1947 1410 2010 reii-

305 2057 395 2143 quias
424 2049 603 2136 postulavit.
645 2047 817 2112 Praemisso
847 2047 955 2133 itaque
987 2049 1101 2114 ieiunio
1122 2060 1153 2114 ct
1174 2052 1346 2132 oratione,
1367 2053 1408 2118 de

306 2183 429 2231 corona
453 2158 577 2223 Domini
609 2167 753 2241 partem,
787 2176 870 2240 quae
901 2166 979 2222 tnnc
1012 2157 1081 2240 ipso
1103 2168 1256 2224 cernente
1275 2160 1405 2240 floruit,

304 2283 336 2338 et
367 2272 492 2336 clavum
523 2287 624 2328 unum
656 2264 829 2347 passionis,
863 2273 1051 2348 partemque
1072 2266 1174 2330 crucis
1195 2269 1404 2347 Dominicae,

264 2429 268 2434 .
305 2379 464 2444 sudarium
496 2373 643 2445 Domini,
678 2370 841 2436 caminum
862 2370 974 2436 beatae
994 2373 1113 2438 Mariae
1133 2375 1280 2461 virginis,
1313 2379 1405 2446 fasci.

304 2507 374 2561 am,
405 2503 491 2568 quae
510 2499 642 2566 puerum
663 2477 786 2541 lhesum
807 2478 842 2540 in
865 2477 1030 2544 cunabulis
1052 2482 1147 2556 texit,
1179 2504 1219 2548 ac
1240 2485 1404 2553 brachium

302 2595 404 2658 sancti
433 2590 512 2654 senis
532 2587 682 2652 Simeonis
701 2585 856 2669 suscepit,
890 2607 972 2671 quae
994 2589 1102 2652 omnia
1124 2593 1227 2656 multis
1248 2596 1406 2662 miraculis

303 2697 526 2768 comitantibus
546 2716 651 2760 secum
672 2693 801 2766 detulit,
822 2700 855 2757 et
876 2695 1065 2779 Aquisgrani
1086 2697 1121 2761 in
1143 2697 1270 2768 basilica
1291 2703 1406 2770 beatae

301 2811 432 2886 Mariae,
455 2827 554 2892 quam
575 2810 807 2875 construxerat,
830 2801 960 2866 recondi
980 2802 1064 2868 fecit.

381 3262 546 3326 cundo
564 3259 605 3316 et
622 3271 695 3330 por
712 3272 827 3328 quern
844 3259 970 3329 primo
988 3257 1134 3318 obusti
1152 3261 1249 3320 nuos
1266 3264 1321 3322 sti

544 3426 547 3433 Ι
617 3350 849 3422 praedicata
864 3352 907 3408 tn
929 3352 1071 3410 mla.

765 3551 855 3619 GAP.
876 3551 917 3617 11.

335 3775 430 3837 Anno
462 3768 504 3832 ab
534 3767 762 3832 incarnatione
791 3766 957 3832 Dominica
987 3768 1124 3859 rifixxrii
1158 3793 1231 3836 cum
1266 3786 1399 3840 sanctus

294 3875 672 3948 WiiiridusEboracensis
694 3873 963 3960 archiepiscopus,
987 3879 1125 3946 Romam
1146 3882 1254 3957 iturus,
1279 3902 1397 3949 narem

292 3987 501 4060 ascendisset,
534 3985 631 4049 flante
660 3983 790 4048 feronio
811 3984 917 4069 pulsus
937 3997 982 4052 est
1003 3988 1045 4052 ad
1067 3989 1212 4066 Frisium,
1235 3999 1266 4053 st
1288 3990 1396 4056 hono·

290 4097 378 4160 rifice
407 4104 566 4178 susceptus
596 4114 614 4156 a
635 4091 775 4156 barbaris
803 4092 944 4158 simulet
966 4115 984 4158 a
1007 4115 1078 4182 rege
1099 4097 1264 4182 ntdigttto,
1300 4121 1396 4184 prae·

290 4200 419 4267 dicabat
449 4202 492 4265 eis
523 4222 579 4285 per
610 4201 742 4296 hiemem
773 4199 947 4276 Christum,
989 4212 1020 4267 et
1053 4204 1175 4288 aliquos
1208 4204 1305 4270 verbo
1342 4231 1396 4273 ve·

1466 411 1469 546 t
