2950 5144
491 491 739 564 cuaourcou.
1126 509 1170 574 ω

69 714 126 769 lte
144 706 379 780 episcopatu
403 710 444 764 et
461 711 586 767 norae
604 712 731 770 uncti
747 712 916 787 laniger!
933 717 1048 789 prm
1066 723 1168 790 apr..

75 833 77 840 ι
96 803 185 874 copi
202 798 543 871 nonantulensis,
564 805 606 860 ct
624 802 672 860 de
689 805 880 866 laudabili
896 810 1002 868 facto
1021 811 1151 872 caroli

194 895 327 966 nent
343 894 590 964 inperatoris
610 897 652 953 et
668 898 842 958 elude·
859 901 1042 974 Ludaert.

511 1096 599 1164 GAP.
620 1097 748 1166 XXVII.

4 1379 5 1382 ,
106 1318 222 1401 Itaque
253 1314 522 1381 victoriosissimus
553 1313 685 1380 Carolus
717 1335 851 1400 magnus
882 1338 954 1392 rex,
999 1318 1062 1384 iam
1093 1331 1171 1387 tune

4 1443 5 1474 ³
68 1424 229 1490 rebellium
273 1423 439 1488 Saxonum
470 1422 570 1487 victor
603 1421 780 1508 Ludgarum
812 1425 912 1490 virum
946 1427 1000 1491 Dei
1031 1426 1105 1511 ipsis
1134 1429 1169 1490 in

67 1543 156 1618 parte
189 1531 386 1620 occidentali
417 1528 572 1594 Saxoniae
600 1530 770 1613 praefecit,
801 1530 836 1594 in
867 1553 932 1617 qua
964 1533 1008 1597 ilii
1029 1534 1173 1620 Mimiga·

3 1689 4 1718 ἶ
69 1638 233 1704 vordeusis
275 1659 367 1703 nunc
398 1636 646 1701 monasteriensis
672 1638 821 1704 ecclesiae
851 1641 1050 1726 episcopatus
1081 1637 1172 1706 com'-

3 1729 5 1778 ³*
70 1749 223 1821 mittitur,
257 1767 353 1832 quem
386 1755 492 1808 tamen
527 1745 618 1808 annis
651 1745 819 1810 duodecim
852 1746 919 1813 sine
950 1748 1064 1813 ordine
1092 1750 1173 1833 epis·

70 1857 174 1942 cupali
200 1853 440 1920 administravit.
485 1852 564 1933 Quia
586 1853 672 1916 enim
692 1864 827 1919 noverat
847 1855 956 1921 dixisse
976 1858 1173 1941 apostolum,

3 2013 5 2062 ἱ
70 1967 122 2051 qui
164 1964 389 2049 episcopatum
419 1959 574 2024 desiderat
607 1960 730 2024 bonurn
761 1980 841 2045 opus
873 1963 1046 2039 desiderat,
1092 1985 1172 2046 opus

3 2113 5 2122 ι
69 2072 201 2158 quidem
223 2069 366 2154 episcopi
385 2087 447 2151 pro
467 2065 582 2132 viribus
600 2087 745 2132 exercere
765 2069 888 2152 coepit,
910 2070 1044 2154 gradum
1066 2082 1171 2136 autem

3 2243 5 2260 ,
70 2181 220 2265 accipere
239 2176 362 2250 renuit,
397 2177 441 2239 ita
462 2173 552 2258 quod
573 2176 673 2238 oneris
693 2186 761 2238 arat
781 2175 967 2255 suscipiens,
1002 2175 1091 2260 quod
1113 2177 1172 2240 ho·

69 2292 152 2352 noris
187 2285 368 2350 declinans.
410 2281 553 2345 Tandem
584 2282 696 2346 nolens
725 2282 874 2348 diocesim
893 2303 983 2347 suam
1003 2284 1071 2348 sine
1090 2285 1172 2368 epis·

69 2417 150 2482 copo
174 2414 263 2468 case,
297 2401 329 2456 et
358 2409 431 2456 cum
452 2409 511 2454 nac
531 2389 597 2474 ipse
618 2389 707 2454 vellet
735 2391 824 2464 fieri,
859 2391 1007 2476 cogitarit
1036 2402 1068 2455 et
1096 2411 1172 2476 pos·

69 2505 178 2570 adurit
204 2501 342 2585 aliquem
363 2517 492 2577 aarum,
525 2517 607 2582 quos
627 2497 691 2580 ipse
712 2499 884 2561 enutrierat
904 2517 964 2582 pro
985 2519 1018 2562 se
1036 2498 1171 2584 gradum

70 2631 197 2697 suspere
236 2605 461 2693 episcopalem.
516 2604 611 2685 Quod
642 2624 715 2668 cum
747 2605 949 2670 Hildeboldus
977 2606 1172 2673 coloniensis

70 2717 328 2803 archiepiscopus
348 2732 491 2777 annuere
510 2710 626 2786 nollet,
648 2711 863 2795 episcopatum
884 2712 998 2775 inritus
1018 2717 1168 2798 suscepit,

70 2838 166 2914 atque
200 2825 320 2910 primus
340 2818 590 2886 monasteriensis
611 2819 775 2902 episcopus
795 2817 955 2882 ordinatus
974 2828 1030 2882 est.
1075 2821 1171 2886 Hunc

68 2938 170 3001 virum
203 2933 259 2998 Dei
288 2951 363 2996 cum
385 2927 560 3014 aliquando
580 2926 709 2993 Carolus
728 2926 915 3010 imperator,
950 2935 1169 3009 cognomento

69 3063 226 3130 magnus,
260 3040 302 3104 ad
333 3058 364 3101 se
395 3057 456 3120 pro
485 3035 625 3120 pmdam
647 3033 837 3118 reipublicae
856 3033 988 3097 utilitate
1008 3047 1167 3114 vocasset,

69 3155 157 3217 iuxta
178 3149 335 3234 palatium
356 3163 488 3208 manere
508 3143 679 3226 praecepit.
712 3141 818 3221 Quum
839 3141 942 3225 primo
963 3161 1059 3206 mane
1078 3145 1170 3209 misso

72 3257 269 3326 cubictdario
289 3275 343 3319 rex
364 3251 407 3317 ad
427 3271 459 3314 se
479 3250 586 3315 venire
606 3248 766 3334 praecepit
786 3248 835 3324 ei,
870 3247 947 3313 hora
978 3249 1021 3314 ad
1051 3255 1171 3335 perant.

70 3369 210 3435 vandum
232 3384 272 3428 ex
291 3381 380 3425 more
398 3378 532 3444 pensum
553 3356 702 3422 horarum
724 3376 798 3422 cum
819 3355 880 3418 suis
900 3356 1050 3434 instabat,
1074 3371 1171 3446 atque
1257 3351 1262 3356 ’

2 3489 3 3528 ³
70 3478 115 3543 bis
145 3472 279 3558 expletis
308 3478 471 3535 venturum
492 3485 524 3530 sc
543 3465 658 3529 nuntio
678 3462 852 3546 respondit.
895 3462 990 3543 Quod
1012 3483 1085 3529 cum
1106 3470 1172 3552 regi

54 3585 242 3656 retulisset,
265 3587 297 3642 ct
316 3576 367 3638 itte
387 3573 494 3641 venire
514 3573 671 3646 tardaret,
702 3569 845 3634 secundo
865 3589 998 3654 quoque
1018 3590 1058 3635 ac
1078 3575 1170 3638 tertio

72 3694 117 3758 ad
138 3684 368 3756 accersendum
388 3701 461 3746 aum
482 3678 583 3759 misit;
604 3677 659 3741 sed
678 3677 729 3740 ille
750 3676 885 3740 omniuo
907 3677 1012 3741 venire
1032 3677 1167 3757 distulit,

2 3768 3 3848 Ξ
71 3801 178 3866 donec
197 3802 349 3879 coeptam
368 3786 575 3874 psalmodiam
596 3794 836 3852 consummaret.
869 3784 942 3865 Qua
961 3785 1050 3852 finita
1070 3809 1169 3872 quum

2 3889 3 3892 Ἴ
70 3919 149 3974 ante
170 3904 254 3991 regis
275 3907 482 3983 conspectum
503 3896 654 3968 venisset,
676 3897 905 3978 interrogatur,
929 3913 986 3957 cur
1006 3896 1169 3978 imperium
1243 3907 1245 3910 ’

2 4061 3 4064 =
68 4018 134 4082 eius
165 4021 378 4080 contemnens
408 4004 510 4072 venire
540 4001 713 4068 distulisset.
755 4004 795 4066 At
823 4002 873 4067 ille
903 4001 988 4067 vultu
1010 4003 1171 4067 constanti

70 4126 250 4208 animoque
270 4112 444 4200 intrepido:
475 4113 541 4198 Ego
564 4109 702 4194 (inquit),
726 4109 904 4192 imperator,
927 4117 1015 4170 tuum
1036 4107 1170 4175 trasem-

68 4255 130 4322 per
151 4234 186 4296 iu
211 4223 360 4294 omnibus
381 4228 584 4306 praeceptum
605 4215 839 4300 exsequendum
859 4213 984 4300 putari,
1008 4224 1042 4283 ut
1064 4225 1170 4286 tamen
