2950 5144
515 483 763 553 canonicor.
1147 488 1194 552 25

84 653 143 718 diu
168 651 237 736 rep
271 649 407 716 serviiese
426 651 603 718 banorum.
647 653 738 719 Unde
758 653 821 720 boe
841 653 1058 718 indubitanter
1078 663 1124 719 eat
1145 665 1193 719 te-

87 759 244 835 nendum,
269 759 360 846 quod
382 759 524 826 Frisones
544 758 586 826 ab
605 761 716 839 initio,
739 763 834 828 etiam
855 772 1031 848 antequam
1046 761 1197 828 Christia-

87 888 163 932 nam
183 867 286 932 fidem
306 868 520 954 mseiperent,
542 890 666 957 semper
683 873 805 937 alterna
825 872 894 937 viee
914 892 1002 937 nune
1022 869 1064 935 ab
1085 872 1195 956 aliquo

86 977 268 1042 vicinorum
289 978 467 1062 principum
487 977 818 1060 nrbaetiaervierunt,
853 981 972 1047 deinde
991 980 1103 1046 itemm
1122 988 1194 1064 port

88 1087 212 1172 aliquot
234 1105 337 1151 annos
355 1106 485 1152 exeumo
505 1087 658 1154 servitutis
686 1088 761 1176 iugo
780 1088 955 1154 libertatem
975 1087 1194 1153 vindicarunt.

88 1194 189 1278 Quod
221 1194 255 1258 iu
286 1204 484 1279 praesentem
504 1215 604 1281 usque
633 1196 719 1262 diem
748 1198 822 1282 ipsis
850 1198 942 1283 quasi
973 1198 1133 1282 pecadiare
1164 1206 1195 1263 et

87 1306 257 1389 proprium
287 1321 352 1364 esse
379 1301 560 1367 diuoaeitur.
603 1302 684 1367 fluia
712 1321 802 1367 meae
833 1303 980 1387 opinioni
1010 1304 1197 1387 astipulatur

93 1411 260 1476 Cornelius
287 1409 413 1474 Tacitus
443 1410 630 1474 eiarimimus
659 1408 944 1496 historiographus,
976 1410 1033 1494 qui
1053 1411 1120 1473 xiii·
1143 1409 1196 1474 tib.

92 1523 253 1605 Augustae
275 1518 425 1582 Historiae
446 1517 542 1592 dicit,
565 1517 709 1582 Frisones
730 1527 872 1603 tempere
894 1517 1028 1581 Neronis
1045 1517 1200 1602 principis

89 1648 194 1695 noros
225 1637 257 1693 et
288 1647 406 1692 vanans
435 1644 528 1711 agros
555 1645 729 1710 oewpasse
750 1636 881 1691 auctore
900 1625 1025 1692 Verrito
1046 1634 1077 1690 et
1098 1624 1199 1689 Maio·

91 1739 178 1823 rige,
213 1737 269 1822 qui
298 1736 458 1800 nationem
492 1754 564 1798 eam
594 1733 758 1819 regebant.
801 1735 839 1798 Et
862 1733 1041 1818 subiungit,
1076 1733 1110 1796 in
1132 1753 1198 1818 qua

34 1922 36 1926 y
94 1844 255 1929 (videlieet
286 1842 401 1908 Frisiea
431 1841 574 1925 natione)
607 1851 674 1904 tum
705 1839 855 1906 Germani
877 1839 1069 1926 regnabant.
1113 1841 1201 1905 ilaee

92 1955 155 2019 ille.
199 1953 247 2016 Ex
266 1971 335 2038 quo
356 1951 445 2017 dieta
464 1951 517 2014 itta
539 1949 625 2025 duo,
658 1969 743 2033 quae
762 1969 858 2034 supra
879 1949 988 2034 posui,
1011 1948 1103 2013 iaeile
1122 1969 1200 2032 pro·

94 2063 216 2127 bantur
246 2081 312 2126 esre
341 2080 426 2125 vera.
469 2058 608 2122 Primum
639 2059 730 2143 quod
760 2058 903 2121 Frisones
935 2079 1004 2121 non
1026 2076 1147 2142 semper
1168 2067 1199 2121 et

94 2171 253 2238 continuo
285 2187 305 2232 a
336 2166 439 2251 prima
459 2163 648 2228 subactione
667 2164 812 2228 vixerunt
832 2163 891 2226 nib
912 2163 1034 2225 Daniea
1054 2163 1201 2226 servitute

90 2299 195 2367 usque
226 2274 271 2340 ad
301 2283 445 2358 tempora
475 2272 588 2337 Sancti
618 2269 812 2346 wilbrordi.
848 2278 902 2333 aut
932 2267 1036 2334 Caroli
1069 2269 1199 2353 magni,

90 2397 128 2454 ut
158 2384 294 2472 qudam
327 2383 451 2448 dieunt.
494 2381 575 2463 Qtaia
597 2380 653 2445 iste
674 2378 770 2454 dicit.
803 2377 894 2463 qued
914 2375 973 2442 sub
994 2373 1120 2440 Nerone
1140 2377 1201 2440 im·

90 2503 242 2582 peratore
274 2490 424 2556 Germani
455 2509 548 2574 nuper
580 2487 723 2552 Frisnnes
744 2484 933 2571 regnabant.
978 2486 1061 2570 Ergo
1083 2485 1202 2570 expulsi

1 2671 2 2678 g
94 2615 179 2668 niue
217 2610 307 2667 erant
348 2600 450 2676 Dani,
492 2599 548 2684 qui
581 2615 751 2682 nunquam
782 2595 866 2658 inter
896 2593 1071 2660 Germanos
1112 2614 1202 2658 cnm·

91 2722 261 2800 putantur.
316 2707 518 2779 Secundum,
564 2704 655 2790 quod
686 2725 724 2768 er
762 2703 927 2786 praedicto
958 2711 1089 2764 auctore
1124 2719 1201 2785 pro·

91 2821 208 2886 batum
239 2828 307 2895 est,
340 2816 431 2903 quod
463 2815 607 2879 Frisones
638 2831 707 2875 non
741 2829 864 2894 semper
894 2819 926 2871 et
947 2807 1103 2871 continuo
1125 2817 1202 2871 ante

92 2942 244 3014 tempora
285 2927 390 2994 Caroli
424 2924 528 3008 magni
560 2930 616 2988 aut
656 2920 840 2994 Germanis,
882 2926 937 2982 aut
970 2915 1097 2979 Danieis
1128 2911 1202 2976 sub·

98 3040 175 3105 iacti
207 3039 335 3102 inerunt
363 3033 506 3120 regibus,
539 3041 575 3095 ut
598 3031 686 3095 multi
707 3029 784 3094 tatso
806 3027 983 3092 aestimant.
1027 3020 1125 3105 Quod
1145 3019 1201 3084 de·

93 3155 189 3213 notat
219 3145 283 3210 hoe
311 3140 496 3207 adverbium
528 3149 594 3202 tuna
624 3137 687 3202 sive
719 3145 818 3211 tune,
849 3154 923 3199 eum
951 3129 1049 3206 dicit,
1079 3131 1114 3193 in
1136 3151 1201 3216 qua

97 3266 166 3322 tum
196 3254 347 3319 Germani
378 3248 566 3337 regnabant.
608 3245 642 3311 Si
661 3245 747 3310 enim
768 3243 908 3308 Frisonas
927 3259 1049 3324 semper
1069 3251 1100 3303 et
1120 3259 1202 3304 eon·

94 3367 190 3432 tinuo
212 3361 272 3428 sub
292 3360 412 3426 Danien
433 3368 487 3424 aut
508 3356 699 3423 Germanica
718 3353 844 3418 intiment
865 3349 1025 3424 servitute,
1037 3368 1102 3413 non
1124 3367 1204 3432 opus

1 3541 2 3544 ,
92 3475 202 3540 inisset
233 3467 351 3536 addere
381 3480 467 3544 tum.
498 3466 563 3530 sed·
583 3463 658 3529 satis
686 3463 789 3526 brisset
809 3460 935 3525 disere:
978 3458 1105 3541 Inque
1127 3457 1204 3520 Ger·

93 3583 188 3650 mani
220 3578 423 3664 regnabant,
457 3575 571 3641 omino
603 3584 692 3638 tune.
734 3570 872 3633 Firmum
903 3585 979 3652 ergo
1010 3573 1041 3626 et
1073 3560 1204 3624 indubi-

98 3700 203 3756 tanter
232 3707 341 3755 verum
372 3685 515 3760 ridetur,
546 3681 636 3768 quod
666 3698 760 3764 supra
792 3677 901 3762 posui,
936 3671 1026 3760 quod
1058 3669 1204 3735 videlicet

97 3797 244 3864 Frisonea
264 3805 342 3860 ante
361 3802 505 3876 tempora
526 3789 630 3854 Caroli
650 3786 782 3872 magni,
806 3784 885 3849 sieut
906 3781 1001 3846 etiam
1021 3788 1130 3863 postea
1151 3799 1204 3842 us-

96 3930 164 3996 que
186 3905 220 3971 in
241 3911 437 4000 praesentem
459 3899 563 3974 diem,
590 3894 765 3982 aliquando
785 3893 947 3980 propriam
969 3886 1120 3973 regebant
1143 3895 1204 3948 ter·

96 4039 187 4092 ram,
216 4010 398 4098 aliquando
428 4007 494 4072 aliis
513 4003 670 4091 parebant
691 3999 894 4075 nationibus,
929 3997 976 4063 vel
998 3995 1040 4058 ab
1060 3993 1117 4056 illis
1137 3993 1204 4058 rio·

97 4128 201 4191 lenter
221 4120 363 4208 oppressi
382 4128 413 4183 et
433 4115 574 4190 nabaeti,
597 4113 644 4177 rel
664 4112 733 4176 iilos
751 4111 836 4174 ultro
856 4116 888 4172 et
908 4111 1022 4188 sponte
1044 4101 1206 4190 eligentes,

99 4256 132 4300 se
175 4251 286 4300 earum
317 4227 523 4294 subiiciebant
555 4219 698 4308 imperio.
726 4305 728 4308 Ι
756 4213 874 4281 Deinde
905 4213 1017 4278 iterum
1051 4211 1097 4280 vel
1130 4210 1206 4276 odio
