2950 5144
499 447 745 516 cnttotttcolt.
1124 451 1167 516 O

63 626 220 692 cessaret,
266 617 320 680 sed
362 627 453 682 tanto
496 616 673 682 fiducialius
702 615 830 682 verbnm
860 617 914 682 liei
946 617 1165 702 praedicaret,

3 761 4 766 κ
65 733 194 810 quanto
227 724 360 808 amplius
388 723 495 788 furens
522 723 610 810 plebs
640 725 779 789 saeviret.
822 725 918 812 lgitnr
937 725 1048 790 haltra
1069 727 1168 792 Soni-

64 833 165 896 lacius
210 833 403 918 quantocius
433 833 579 900 codicem
608 834 824 919 euangelicum
856 838 1019 920 apedena.
1061 836 1169 920 coepit

64 943 191 1028 populo
223 942 427 1006 tumultuanti
455 963 494 1008 ex
525 963 566 1008 eo
596 941 781 1028 praedicare
810 941 983 1021 Christum,
1024 944 1170 1030 viamque

3 1109 4 1112 ,
66 1051 175 1116 salutis
209 1051 382 1116 ostendere.
427 1053 466 1116 tt
496 1051 664 1116 carnifices
692 1071 767 1116 cano
797 1051 908 1137 gladiis
936 1062 967 1118 et
989 1051 1120 1116 fustibus
1139 1061 1170 1116 et

66 1160 191 1226 lanceis
220 1159 381 1222 irruerunt
409 1158 444 1222 in
473 1167 602 1223 sanctos
635 1158 688 1222 liei
718 1157 872 1234 neruos.
901 1179 956 1223 eos
976 1169 1077 1224 morte
1096 1178 1171 1223 cru·

68 1278 149 1332 ente
170 1267 386 1344 trucidantes,
420 1275 452 1331 et
472 1266 515 1330 ad
536 1276 650 1330 terrem
671 1265 739 1330 sine
760 1265 1019 1331 contradictione
1035 1277 1172 1351 proster-

70 1385 201 1441 nentes.
241 1374 335 1456 Quod
364 1393 496 1440 cernens
515 1383 645 1438 sanctus
666 1373 847 1439 Bonilaeiua
868 1373 1007 1438 eundem
1028 1371 1175 1437 codicem

71 1484 296 1569 evangelicum
325 1504 419 1569 super
446 1492 543 1568 capnt
574 1503 664 1547 suum
695 1481 799 1567 posuit
830 1491 861 1546 et
883 1481 1005 1557 tenuit,
1030 1499 1089 1567 pro
1109 1481 1175 1546 eins

70 1593 256 1659 delendone
285 1602 316 1657 et
349 1611 458 1658 amore
488 1591 570 1655 mori
600 1599 740 1674 paratus.
784 1589 924 1676 Moxque
943 1588 1062 1654 diaboli
1081 1591 1176 1655 satel-

71 1703 138 1767 lites
171 1711 318 1766 sanctum
348 1702 414 1766 eius
446 1699 592 1765 verticem
613 1699 725 1785 gladiis
742 1699 929 1783 impetentes
949 1719 986 1764 os
1005 1701 1070 1765 eius
1089 1720 1177 1764 mm·

72 1833 163 1876 mum
196 1831 339 1876 coronae
367 1809 482 1874 scilicet
514 1808 626 1892 capitis
647 1828 719 1874 cum
741 1829 840 1874 carne
860 1818 891 1874 et
912 1809 1004 1885 ente,
1028 1817 1178 1894 ampsu-

73 1929 173 1995 runt,
204 1919 298 2004 quod
330 1918 433 1982 adhuc
464 1918 500 1980 in
533 1917 725 1981 monasterio
756 1917 819 1982 loci
848 1917 944 1996 illius,
967 1917 1111 1983 videlicet
1140 1917 1176 1982 in

2 2019 3 2024 ἵ
73 2030 247 2102 Domum,
293 2035 498 2092 conservatur
538 2035 569 2088 et
613 2023 798 2088 ostenditur.
856 2023 1001 2090 Similiter
1032 2027 1178 2092 codicem

72 2139 294 2223 euangelicum
322 2135 478 2201 deiectum
508 2133 552 2198 nd
572 2143 687 2198 terram
707 2151 783 2196 mox
802 2132 1015 2217 particulatim
1034 2135 1183 2200 scindere

2 2315 3 2346 ¹
73 2249 211 2336 aggressi
245 2256 338 2324 sunt,
371 2243 571 2310 intendentes
601 2241 811 2308 Christianam
841 2240 1026 2307 doctrinam
1058 2241 1099 2306 de
1118 2243 1180 2307 eris

74 2378 206 2445 prorsus
237 2353 355 2421 finibus
375 2351 519 2419 abiicere.
562 2351 623 2416 Sed
646 2351 741 2417 virtus
760 2352 865 2417 divina
886 2371 1011 2416 merum
1033 2351 1180 2420 codicem

74 2468 161 2531 inter
191 2473 240 2530 tot
273 2460 445 2528 crudelium
476 2481 589 2525 manus
609 2461 742 2526 serravit
761 2461 900 2526 illaesam
919 2469 951 2526 et
971 2461 1179 2528 illiceretum.

1 2557 2 2612 l
77 2575 132 2640 Sic
172 2573 246 2638 felix
288 2569 468 2635 Bonilaoius
499 2589 572 2634 cum
605 2589 674 2633 uno
704 2577 735 2632 et
767 2567 1003 2654 quinquaginta
1033 2571 1183 2636 iratribus

1 2703 2 2772 ᾗ
76 2687 233 2768 martyrio
263 2689 452 2753 coronatur,
485 2695 573 2741 anno
605 2675 713 2740 salutis
743 2685 868 2739 nostrae
889 2675 974 2766 riiflr
989 2677 1055 2759 (2⁸),
1087 2680 1182 2743 nonis

76 2793 183 2869 lunii,
206 2799 379 2875 postquam
400 2786 629 2852 Traiectensem
650 2784 773 2848 mxioet
793 2784 958 2850 ecclesiam
978 2785 1029 2848 xri
1051 2783 1156 2847 annis.

118 3253 178 3311 De
195 3249 338 3308 wtvtno
354 3245 505 3304 ultione
520 3246 563 3304 tn
578 3245 856 3302 mistrectae·
873 3245 1000 3304 uncti
1018 3245 1136 3306 lonl-

389 3339 485 3398 foett
503 3339 544 3396 et
560 3339 752 3400 eoelum
770 3339 869 3397 etur.

531 3541 619 3607 cnP.
641 3539 741 3605 XVll.

120 3766 242 3832 Occide
273 3763 367 3848 igitur
396 3760 432 3823 in
463 3758 608 3823 llocltnm
637 3755 757 3822 sanetis
776 3755 982 3842 martyribus,
1016 3761 1183 3827 carnifices

74 3887 220 3950 cuncta,
254 3891 339 3957 quae
370 3889 480 3934 eorum
509 3877 616 3942 erant.
648 3864 829 3949 diripientes
848 3875 880 3930 et
901 3866 1038 3931 tentoria
1060 3865 1184 3930 destru-

1 4069 2 4076 x
74 3999 188 4059 entes,
235 3977 410 4045 damnabili
446 3974 567 4060 praeda
608 3975 713 4038 laetati
744 3985 829 4039 sunt.
885 3973 1044 4058 Siquidem
1079 3974 1184 4040 thecas

68 4120 228 4140 Μ

1 4251 2 4256 1
116 4219 163 4288 (tt)
202 4215 250 4271 De
268 4227 343 4270 anno
360 4209 461 4265 mortis
479 4208 667 4271 Bonrrron,
688 4205 750 4262 ride
769 4203 978 4274 Bnonsntuu,
1000 4207 1021 4263 1.
1041 4208 1061 4260 t.
