2916 5150
292 485 356 554 170
715 483 937 551 Wottttbttt

289 654 363 718 diae
391 653 539 718 comitem
569 654 632 717 iam
665 652 809 718 seeundo
832 664 948 719 contra
968 654 1151 738 episcopum
1172 663 1203 718 et
1225 656 1400 722 orientales

289 761 451 838 Frisoues,
483 762 538 846 qui
559 760 616 826 sibi
639 762 755 826 auxilio
776 772 954 837 venerant,
988 770 1133 848 potenter
1166 763 1399 848 triumphasse,

289 879 386 955 atque
407 869 534 934 fortuna
566 868 625 931 sibi
646 870 855 944 adversante,
891 889 959 932 nen
982 869 1049 932 sine
1069 870 1158 953 gravi
1179 870 1300 934 damno
1322 892 1400 936 sue·

290 999 380 1053 rum.
411 978 506 1042 semel
536 987 632 1061 etque
652 977 765 1040 iterum
786 997 819 1040 se
843 977 960 1054 victos,
996 980 1159 1043 communi
1181 979 1315 1043 oonsilio
1336 981 1401 1044 mi·

290 1096 399 1152 serunt
419 1086 463 1149 ad
483 1084 662 1148 Iohannem
685 1085 832 1148 comitem
854 1085 1043 1151 Hellendiae
1062 1088 1196 1173 legatos,
1222 1108 1255 1151 se
1275 1109 1403 1175 meque

291 1195 397 1260 omnia
418 1193 550 1278 proprio
571 1202 661 1257 motu
681 1191 725 1256 illi
746 1192 972 1258 submittentes.
1017 1194 1161 1275 Quorum
1183 1206 1257 1260 vota
1277 1197 1401 1262 loban-

293 1324 351 1368 nes
382 1321 489 1366 eomes
508 1311 601 1386 grato
622 1301 841 1384 complectens
862 1301 990 1376 animo,
1025 1304 1150 1387 aceepit
1170 1304 1241 1368 illos
1261 1305 1319 1370 suh
1341 1327 1401 1370 sua

292 1410 505 1496 protectione.
549 1408 639 1489 Quae
669 1407 779 1470 omnia
801 1409 894 1472 literis
916 1409 1049 1494 desuper
1073 1413 1223 1476 conlectis
1244 1422 1276 1476 et
1295 1414 1403 1499 sigillis

291 1520 388 1582 totius
402 1516 651 1590 communitatis,
664 1515 808 1579 videlieet
824 1516 1073 1584 llooebwouder
1090 1520 1264 1599 Amboebt‚
1279 1522 1403 1588 Dreeh·

292 1625 371 1710 liger
400 1622 560 1690 Amboeht
592 1633 690 1708 atque
719 1622 908 1687 Gheestman
940 1626 1098 1691 Amboebt
1129 1627 1279 1694 roborata
1310 1643 1401 1698 sunt.

294 1736 376 1797 Aeta
406 1742 478 1796 sunt
510 1731 589 1795 baec
619 1731 796 1796 Memmiae
817 1752 909 1795 anno
930 1733 1054 1798 Domini
1074 1737 1274 1822 meexeix(*l
1297 1741 1402 1806 altere

293 1841 346 1907 die
375 1839 518 1906 emnium
547 1848 740 1903 sanctorum.
783 1839 821 1902 Et
853 1859 924 1902 uon
947 1841 1078 1908 invenie
1099 1845 1308 1912 occidentales
1329 1849 1403 1914 Fri·

295 1969 387 2013 sones
416 1949 456 2010 de
486 1956 613 2012 caetero
646 1967 793 2032 unquam
825 1947 987 2014 rebellasse
1008 1951 1175 2016 comitibus
1195 1955 1401 2026 Hollnndise.

294 2058 367 2122 lmo
404 2055 463 2141 ipsi
493 2065 602 2139 postea
634 2055 669 2120 in
700 2065 896 2139 praesentem
927 2077 1027 2143 usque
1059 2059 1144 2124 diem
1177 2062 1300 2147 (neseio
1331 2089 1402 2152 que

294 2165 404 2250 spiritu
437 2164 538 2247 ducti)
571 2164 670 2248 magis
701 2164 890 2248 impugnant
910 2164 1086 2232 libertatem
1108 2170 1311 2238 orientalium
1335 2177 1403 2240 ttri-

294 2294 427 2348 sonum,
473 2293 572 2357 quam
616 2272 731 2336 coeteri
764 2272 920 2337 Hollandi.
973 2273 1099 2340 Mortuo
1131 2277 1250 2346 deinde
1282 2287 1403 2352 comite

295 2382 423 2445 Ioanne
451 2381 518 2443 filio
548 2378 698 2442 Florentii
729 2379 799 2442 sine
830 2377 948 2456 liberis,
981 2403 1070 2447 anno
1103 2385 1230 2452 Domini
1251 2411 1346 2458 meee
1367 2406 1401 2460 el

295 2490 330 2554 in
360 2484 567 2572 Reynsbureh
601 2486 745 2570 sepulto,
779 2486 881 2550 lectus
911 2498 957 2552 est
989 2491 1050 2556 xvii
1081 2513 1187 2560 eomes
1208 2499 1404 2570 llolleudiee

293 2597 433 2661 Ioannes
452 2595 612 2660 secundus
632 2614 740 2660 eomes
762 2595 977 2673 Hannouiae,
998 2598 1081 2664 filius
1101 2606 1216 2668 sororis
1238 2607 1403 2676 Wilbelmi

293 2706 385 2789 rem's.
427 2705 467 2769 ln
498 2703 557 2767 isto
587 2704 714 2767 Ioanne
743 2703 809 2768 filio
843 2703 993 2770 Florentii
1013 2710 1137 2774 comitis
1157 2711 1272 2781 duent
1292 2721 1403 2802 primo

294 2814 380 2878 linea
411 2814 501 2878 virilis
532 2833 620 2876 sextu
651 2811 835 2877 Theoderici
866 2814 959 2898 primi
988 2817 1112 2884 comitis
1131 2821 1319 2892 Hollsudine
1341 2851 1403 2914 per

294 2941 399 2987 anuos
419 2920 670 3006 quadringentos
691 2920 820 3004 uiginta
841 2931 912 2988 tres.

310 3348 519 3420 exemptor
535 3348 742 3407 usereru
759 3351 901 3422 quibua
918 3354 1147 3430 Bodotpbus
1163 3364 1382 3436 moeretur

386 3442 576 3502 comatus
593 3441 789 3501 nemone
808 3447 942 3504 eomttt
961 3449 1120 3534 Getrteo
1137 3457 1305 3520 unum

715 3535 967 3598 orientalem.

718 3686 808 3754 cst.
829 3691 968 3760 mvl.

333 3857 430 3920 Anno
452 3853 578 3919 llomiui
598 3872 711 3918 meexe
731 3854 920 3944 Rodolpbus
940 3861 1112 3946 imperator
1132 3871 1269 3936 eontulit
1281 3872 1399 3940 Orien·

291 3965 386 4029 talem
422 3961 551 4027 Frisiam
583 3959 742 4026 Reinoldo
772 3965 880 4030 comiti
909 3968 1047 4049 Geldae,
1092 3976 1180 4041 euius
1211 3977 1398 4050 donationis

213 4094 220 4108 ·
288 4071 449 4155 exemplet
469 4068 610 4154 sequitur
630 4069 665 4134 iu
687 4068 748 4136 hae
769 4071 921 4141 sormam:

282 4178 435 4196 b*

323 4225 372 4294 (*)
413 4225 459 4280 tt.
479 4237 601 4282 xenis.
