2916 5150
284 542 346 608 10⁴
720 537 944 604 WORPERI

302 707 1400 766 aaz*

378 814 464 858 srnro
485 813 595 857 normrr
617 812 769 856 onmrrsm
789 813 878 857 suno.
920 811 1065 856 nonnus
1084 809 1311 856 mrscoronrm.

556 1033 694 1120 episcopi
711 1031 905 1108 werdensis,
919 1032 1038 1098 factas
1060 1031 1163 1096 Leone
1183 1052 1285 1118 papa,
1298 1053 1398 1117 prae·

556 1151 640 1206 sente
661 1139 777 1207 Carolo
799 1160 917 1227 magno
937 1141 1138 1224 imperatore.
1261 1159 1267 1173 ¹

352 1252 411 1320 821
515 1247 706 1315 Frederious.
750 1247 839 1314 v111.
882 1247 967 1312 Friso
999 1247 1058 1311 tuit
1092 1247 1206 1312 nobilis
1228 1250 1268 1313 do
1288 1257 1396 1314 castro

558 1356 677 1425 Adelen
697 1356 729 1422 in
750 1355 937 1424 sixribemm
955 1365 1061 1432 natus.
1082 1355 1127 1422 vir
1145 1355 1278 1435 doetus,
1300 1377 1396 1421 sane·

560 1477 609 1530 tus
637 1477 669 1533 et
699 1465 851 1551 martyrio
877 1473 1050 1530 coronatus
1071 1481 1163 1529 anno
1184 1462 1309 1526 Domini
1329 1461 1398 1528 838

558 1595 599 1640 xv
620 1573 774 1640 ostendes
793 1572 937 1657 Augusti.

350 1682 418 1750 838
512 1681 660 1747 'Attricus
704 1683 757 1773 IX.
802 1681 864 1745 Iste
893 1679 989 1743 frater
1019 1678 1079 1742 fuir
1101 1699 1270 1765 germanus
1287 1681 1394 1746 sancti

559 1787 715 1854 Frederioi
735 1787 911 1872 praedicti.
935 1786 1042 1862 Briso,
1065 1787 1112 1853 vir
1133 1787 1248 1853 bonus.

516 1892 685 1978 Ludgerus.
729 1894 767 1958 X.
809 1894 896 1957 Friso
927 1894 1008 1969 suit.
1042 1895 1088 1960 rir
1118 1905 1246 1960 sanctus
1267 1905 1298 1960 et
1316 1897 1394 1960 reii-

557 2001 671 2088 giosus.
715 1999 800 2066 Obiit
820 2003 852 2067 ix
872 2001 1026 2068 ostendas
1046 2003 1118 2067 ttaii
1139 2022 1224 2068 anno
1242 2003 1317 2070 860.

514 2109 690 2196 Hungerus.
733 2109 788 2173 xt.
831 2109 893 2173 Iste
915 2109 992 2174 obiit
1013 2131 1100 2177 anno
1121 2110 1188 2178 866
1207 2113 1294 2177 Friso
1315 2113 1392 2190 suit,

556 2219 602 2283 vir
635 2227 762 2282 sanctus
793 2227 824 2280 et
855 2217 979 2284 doctus.
1032 2217 1098 2284 Sub
1138 2219 1197 2285 isto
1237 2221 1392 2306 episeopo

555 2323 633 2387 Dani
654 2333 685 2385 et
707 2322 880 2390 Normanni
900 2325 1030 2390 Frisium
1051 2328 1305 2396 soliollnndinm
1320 2350 1392 2394 vos·

554 2439 715 2504 taverunt.
749 2429 927 2496 Traiectum
960 2435 1063 2499 multis
1094 2437 1239 2523 iugulatis
1270 2439 1301 2503 vi
1336 2458 1393 2502 ex·

553 2549 789 2628 pngnarerunt.
844 2539 963 2605 Eodem
995 2553 1138 2629 tempore
1171 2543 1393 2630 Theodoriou8

553 2646 655 2711 factus
674 2657 719 2712 est
739 2648 857 2733 primus
878 2669 983 2714 comes
1004 2651 1201 2720 Hollsndine.

512 2753 707 2821 Odilbntdus.
750 2756 820 2822 ΧΠ.
864 2756 920 2822 Vir
949 2771 1078 2826 sanctus
1108 2763 1179 2848 pius
1206 2773 1237 2827 et
1267 2763 1386 2844 iustus,

554 2862 640 2926 Friso
660 2862 728 2926 fuit.
769 2860 854 2928 Obiit
875 2863 977 2931 idibus
998 2868 1185 2937 Deoembris

513 2969 702 3056 Egilbotdus.
734 2969 823 3038 xtlt.
854 2973 940 3040 Friso
961 2977 1036 3052 fuit,
1059 2978 1106 3044 vir
1122 2978 1225 3045 bonus
1241 2989 1274 3045 et
1293 3001 1389 3048 sanc·
1427 3031 1429 3036 -

555 3087 604 3144 tus
623 3087 655 3143 et
675 3077 813 3162 praefuit
832 3078 943 3148 dooem
958 3084 1002 3169 (¹⁸)
1026 3083 1194 3150 mensibus

512 3185 700 3254 debodus.
743 3186 830 3256 xlv.
870 3189 956 3255 Friso
977 3193 1035 3256 tuit
1066 3192 1107 3257 de
1139 3191 1306 3278 Gawst),
1340 3196 1387 3263 vir

554 3296 655 3363 bonus
685 3305 716 3359 et
736 3306 881 3376 sanctus,
910 3300 1020 3384 spiritu
1040 3300 1229 3386 prophetico
1248 3303 1383 3388 pollens.

552 3405 614 3469 Iste
645 3404 824 3488 composuit
854 3405 1015 3472 historiam
1048 3409 1262 3475 translationis
1281 3411 1385 3477 saneti

552 3512 693 3593 Martini,
717 3533 783 3598 que
803 3515 934 3581 ecclesia
955 3536 1046 3583 nunc
1067 3517 1179 3584 utitur.

345 3630 410 3694 917
512 3621 703 3689 Bstdericus.
737 3620 806 3689 XV.
850 3623 913 3689 Iste
932 3625 1087 3710 reperavit
1108 3626 1220 3692 omnia
1245 3645 1302 3712 per
1323 3627 1388 3694 na-

551 3749 612 3794 nos
643 3730 812 3808 demolitn3
855 3731 936 3796 filius
976 3733 1034 3798 fuit
1073 3731 1196 3799 comitis
1228 3732 1386 3802 clivensis.

273 3903 420 3926 μ

310 4007 357 4076 (ἡ)
395 3998 466 4054 Cod.
493 3997 580 4052 haber
603 3996 697 4050 docem
716 3998 993 4053 arvernensibus:
1018 3999 1059 4052 ita
1079 4005 1110 4052 ut
1128 4007 1182 4050 arrr
1199 3999 1386 4069 supersorip·
1454 4031 1456 4036 ·

275 4085 334 4152 t'um
361 4099 399 4150 sit
426 4092 546 4150 ucuuds
571 4107 665 4144 monn.
704 4088 843 4160 Suspicor
870 4100 962 4146 sutem
985 4091 1060 4146 illud
1085 4093 1114 4148 ri
1142 4098 1239 4146 ortum
1266 4108 1326 4146 esre
1351 4108 1385 4144 ex

274 4191 344 4243 male
364 4189 472 4255 scripto
490 4189 549 4252 vix,
574 4191 657 4257 atquo
674 4184 715 4238 its
733 4185 877 4254 legendnm
894 4185 987 4240 decem
1003 4186 1053 4237 rix
1070 4185 1226 4242 muribus.

310 4281 358 4354 (ts)
397 4279 467 4335 cod.
485 4280 571 4337 habet
593 4280 681 4348 (tero,
703 4280 748 4338 cui
766 4279 859 4335 deleto
877 4263 1103 4350 'superscriptum
1121 4288 1165 4338 ert
1184 4280 1364 4349 Wrrrrrgoa.
