2916 5150
505 486 756 554 CllRONlCON.
1114 488 1174 552 tos

75 653 203 718 vinculis
224 655 494 739 mancipaverunt.
526 654 588 735 Qui
610 654 804 740 aliquamdiu
828 674 901 720 cum
922 675 1037 738 mngna
1058 658 1177 722 contri·

5 797 7 848 l
74 762 158 826 tione
192 763 226 826 in
259 764 391 828 vinculis
411 763 536 838 vivens.
570 762 698 828 tandem
719 763 870 847 episcopo
890 765 953 828 sive
976 762 1024 846 (ut
1045 763 1177 849 quidam

5 867 6 894 ³
73 869 235 955 dicebant)
249 881 422 945 annuente.
437 870 499 935 sive
519 869 672 954 episcopo
693 871 882 936 reclamante
895 869 954 954 (uti
975 872 1039 956 ipse
1055 871 1179 955 episco-

5 965 6 1018 Ῑ
72 997 131 1056 pus
151 986 183 1040 et
204 977 308 1060 plures
329 979 379 1042 alii
400 979 586 1063 episcopum
605 987 789 1044 excusantes
810 978 968 1062 dixerunt)
989 977 1178 1064 Rodolphus

4 1137 6 1168 r
72 1086 193 1170 positus
212 1095 258 1150 est
278 1107 371 1170 super
391 1097 494 1153 rotam
516 1107 590 1152 cum
609 1107 668 1150 suo
689 1098 832 1171 cognato
855 1087 1040 1154 llernrnone.
1091 1088 1177 1154 llaec

4 1185 5 1238 i
73 1215 110 1257 ex
134 1193 198 1258 vita
226 1192 350 1258 domini
370 1194 520 1261 Sibrandi
541 1194 665 1260 abbatis
686 1195 776 1260 Horti
799 1195 910 1261 beatae
930 1195 1058 1263 Mariae.
1103 1198 1178 1262 Post

73 1301 164 1368 cuius
192 1311 326 1365 mortem
356 1302 425 1386 plus
458 1301 614 1387 indignati
644 1301 818 1366 'l'rantones
839 1302 1042 1387 collectisque
1062 1303 1178 1369 viribus

70 1411 135 1472 suis
165 1408 357 1473 obsederunt
388 1410 584 1495 Groniagen.
628 1410 768 1474 Frisones
799 1421 905 1474 autem
928 1411 1177 1476 Monosteriensis

3 1515 9 1597 g
71 1519 207 1582 diocesis
226 1518 374 1582 iuverunt
385 1517 571 1592 'frontones
591 1518 730 1582 Frisones
748 1538 822 1584 sero
843 1517 975 1584 diocesis
995 1517 1177 1584 Traiecten-

3 1674 4 1700 2
72 1629 114 1690 sis
136 1625 252 1690 auxilio
272 1625 400 1688 fuerunt
422 1626 573 1710 episcopo
630 1625 802 1709 Episcopus
822 1625 915 1711 igitur
936 1645 1029 1690 anno
1050 1626 1176 1692 Domini

3 1739 5 1746 “
72 1734 244 1810 messui,
279 1733 395 1798 auxilio
426 1733 589 1797 Frisonum
619 1753 695 1797 suae
723 1734 856 1798 diocesis
882 1735 985 1800 soluta
1014 1733 1177 1802 obsidione

2 1825 4 1882 3
72 1841 310 1927 Groningensi‚
341 1841 497 1907 festinavit
518 1841 662 1906 obsidere
683 1841 894 1921 Corordism‚
925 1843 980 1908 sed
1000 1865 1065 1909 non
1085 1864 1178 1929 pree·

1 2019 3 2084 l

72 1952 182 2019 valuit.
224 1950 300 2012 Otto
331 1956 437 2012 autem
469 1949 534 2012 eius
555 1969 738 2025 successor,
767 1952 959 2034 praesidium
980 1951 1038 2018 sibi
1058 1953 1178 2019 ferente

71 2058 236 2124 Florentio
258 2056 374 2122 comite
394 2056 579 2122 llollandiae
600 2057 664 2120 eius
684 2056 798 2132 tratre,
823 2058 999 2124 Frentones
1020 2082 1093 2125 cunr
1114 2060 1177 2127 Co·

72 2166 185 2234 vordia
211 2186 286 2231 suae
307 2164 423 2229 ditioni
443 2162 640 2249 subiugavit,
666 2173 701 2227 ut
721 2165 863 2249 sequenti
883 2165 1005 2232 dicotur
1026 2169 1140 2250 capite.

1 2577 3 2712 l

1 3090 3 3182 l

112 2645 294 2710 ouantes
310 2643 535 2704 Florentino
553 2643 658 2700 nllus
677 2644 890 2713 wilhelmi,
911 2659 1039 2706 comes
1057 2650 1151 2706 llo}-

145 2739 325 2807 lanrllae,
353 2739 504 2796 histee
529 2737 715 2794 terminos
739 2738 916 2796 intrem.
955 2739 1012 2796 llx
1028 2740 1111 2798 vrso

216 2833 361 2891 domins
378 2831 559 2891 sibrand!
574 2829 730 2887 abbatis
748 2832 861 2890 llortt
877 2833 1036 2890 mnne.

515 3032 605 3099 CAP.
628 3033 738 3096 XXIX.

117 3251 242 3315 ldortuo
274 3248 465 3322 wilhelmo,
500 3248 609 3313 comiti
641 3249 788 3312 successit
818 3249 882 3313 eius
902 3249 984 3314 filius
1005 3249 1180 3315 Florentius

72 3368 222 3443 quartus,
241 3377 348 3422 comes
367 3357 508 3421 decimus
529 3355 636 3420 tertius
657 3356 846 3422 Hollandiae
865 3369 896 3422 et
918 3358 1107 3434 Zelandiae,
1122 3359 1180 3444 qui

1 3543 2 3546 Ἴ
73 3487 168 3532 nuno
199 3464 327 3530 Domini
359 3484 492 3528 mccxxx
521 3464 605 3530 venit
635 3463 676 3526 ad
707 3464 853 3540 Frisium,
888 3474 920 3527 et
950 3463 1128 3530 honorifice
1159 3487 1180 3529 a

73 3575 176 3640 Frisiis
207 3583 253 3638 est
286 3582 447 3657 receptus,
478 3581 509 3636 et
530 3591 589 3654 pro
611 3569 742 3634 domino
763 3571 795 3635 in
817 3572 1001 3656 Westergo‚
1038 3571 1180 3638 videlicet

72 3686 109 3748 in
130 3680 308 3746 Franecker
331 3680 399 3764 (ubi
419 3680 509 3744 locus
530 3677 659 3743 adhoc
680 3679 870 3744 constitutus
891 3679 1101 3763 habebatur),
1134 3692 1180 3746 est

74 3791 268 3878 recognitus.
312 3788 456 3873 Cumque
487 3807 597 3853 causas
619 3786 663 3851 ed
684 3808 716 3852 se
736 3789 928 3872 pertinentes
947 3789 1088 3854 humane
1108 3789 1182 3854 satis

76 3910 214 3964 tractare
236 3897 409 3981 coepisset,
442 3895 566 3960 enimus
588 3894 744 3960 nobilium
766 3908 867 3962 terrae
888 3899 923 3961 in
944 3899 1083 3963 favorem
1103 3917 1181 3962 suae

72 4008 174 4094 partis
205 4006 315 4069 fortius
346 4002 480 4068 tentavit
511 4000 695 4078 inflectere,
730 4015 888 4088 quatenus
919 4027 976 4090 per
998 4025 1052 4070 eos
1072 4005 1182 4070 inten-

72 4116 173 4180 tionis
205 4134 278 4178 suae
309 4120 484 4187 secretum,
514 4110 605 4195 quod
645 4130 702 4194 per
734 4131 766 4173 so
787 4113 923 4177 revelare
944 4109 1180 4188 dissimulabat,

74 4220 286 4292 nobilioribus
307 4230 409 4285 terrae
430 4218 589 4295 suffultus,
613 4217 735 4284 effectui
756 4220 966 4302 manciparet.
998 4219 1083 4288 llaec
1104 4220 1180 4285 dum
