2950 5144
500 491 748 557 canonican.
862 491 864 494 ’
1138 493 1180 561 77

67 661 110 732 tn
149 667 277 724 tantum
312 669 346 722 ut
378 667 505 725 sauctus
534 659 722 726 llarcelinua
741 659 921 748 presbyter,
950 661 992 726 ad
1013 681 1086 727 cum
1106 663 1184 728 acri·

64 768 167 842 bens,
201 768 306 852 ipsum
335 767 518 834 Frisonicaa
546 769 649 853 gentis
677 769 931 853 praedicatorem
951 771 1100 836 eximium
1120 791 1184 837 no.

64 879 181 944 minet.
227 874 291 940 Sed
313 885 344 940 et
364 886 457 961 pater
478 876 742 942 miseriordiamm
763 887 795 944 et
818 880 899 943 llcus
919 880 1014 944 totius
1034 881 1182 946 consola·

65 986 182 1059 tionis,
211 985 324 1049 volens
344 1005 456 1050 omnes
477 985 621 1049 homines
643 986 685 1050 ad
706 987 905 1072 agnitionem
926 988 972 1051 sui
994 988 1179 1072 pervenire.

64 1093 209 1179 providit
230 1101 342 1156 sancto
353 1092 503 1177 Gregorio
524 1092 675 1179 episcopo
695 1095 840 1179 praelato
861 1095 903 1162 de
913 1095 998 1161 fideli
1014 1097 1182 1180 praedica·

66 1213 139 1268 tore
161 1212 195 1266 et
215 1209 365 1276 strenuo,
393 1202 450 1287 qui
470 1203 527 1287 ipsi
549 1203 581 1268 in
604 1203 769 1268 Friaonum
791 1204 995 1269 conversione
1017 1205 1182 1289 diligenter

66 1310 296 1376 collaboraret.
349 1309 430 1373 Nam
463 1320 498 1374 ut
528 1308 635 1376 scribit
666 1310 777 1376 beattu
806 1311 995 1376 Anacharius
1025 1313 1182 1378 secundus

66 1419 242 1503 episcopus
269 1427 300 1482 et
332 1417 452 1501 primus
482 1418 735 1504 archiepiscopus
766 1419 960 1498 Bremensis‚
1004 1420 1094 1506 quod
1123 1421 1182 1486 tuit

68 1529 121 1592 vir
142 1524 328 1590 venerabilis
347 1523 389 1589 da
408 1535 501 1611 gente
520 1527 697 1611 Anglorum
720 1529 854 1592 nomine
877 1526 1089 1602 willehadus.
1125 1527 1181 1613 qtri

67 1637 175 1700 lactus
204 1632 387 1718 presbyter.
433 1634 551 1697 atrdirit
593 1635 736 1699 Frisoncs
760 1645 797 1729 'et
826 1635 983 1710 Saxones,
1028 1635 1181 1702 hactenus

68 1742 257 1808 incredulos
288 1752 319 1806 ct
346 1762 509 1827 paganos,
542 1742 650 1808 relicta
671 1744 831 1808 idolorum
853 1743 996 1821 cultura,
1028 1745 1102 1810 fidei
1124 1766 1180 1810 ca·

69 1853 211 1918 thelicae
231 1850 296 1915 iam
317 1851 455 1936 coepisse
487 1850 606 1916 ambire
627 1856 783 1938 mysteria.
830 1854 899 1918 Hoc
919 1855 1028 1940 itaque
1048 1854 1177 1930 audito,

70 1963 118 2024 vir
151 1961 209 2027 Dei
242 1979 359 2047 magno
389 1962 524 2045 repletus
555 1970 600 2025 est
632 1957 751 2046 gaudio
783 1973 814 2026 et
847 1962 1009 2028 inhianter
1028 1981 1181 2047 quaerere

2 2129 3 2136 ,
68 2071 198 2156 coepit,
231 2069 369 2154 qualiter
396 2089 456 2154 pro
488 2067 543 2133 ilci
563 2088 671 2132 amore
691 2069 758 2131 illas
778 2068 813 2131 iu
835 2079 940 2152 partas
959 2091 992 2134 ae
1012 2072 1181 2136 transferre

69 2187 188 2265 posset.
234 2176 341 2258 Quare
372 2175 480 2241 divino
511 2175 669 2242 institutus
700 2175 829 2260 spiritu,
862 2177 992 2241 accessit
1012 2177 1054 2240 ad
1077 2199 1181 2262 regem

1 2281 2 2284 ’
69 2290 206 2376 Angtiae
237 2287 369 2353 nomine
389 2286 562 2363 alachrat,
593 2285 740 2353 indicans
769 2286 816 2363 ei,
852 2307 919 2374 quo
949 2288 1017 2351 zelo
1050 2285 1103 2349 Dei
1125 2305 1182 2350 ac·

1 2433 2 2484 ς
69 2419 186 2464 census
216 2405 314 2472 assat,
345 2397 496 2483 petiitque
529 2406 564 2460 ut
593 2396 660 2460 eius
687 2397 837 2481 permissu
871 2406 969 2483 atque
989 2396 1116 2461 licentia
1138 2393 1181 2460 ad

70 2505 331 2593 praedicandum
360 2503 489 2572 verbum
521 2505 576 2570 Dei
609 2505 738 2569 Frisiam
769 2515 800 2570 et
821 2505 994 2571 saxoniam
1015 2505 1072 2570 sibi
1093 2506 1181 2571 adire

1 2611 3 2650 l
71 2617 190 2682 liceret.
237 2614 309 2680 Rex
337 2634 430 2690 raro,
475 2623 639 2698 comperta
670 2613 737 2676 eius
766 2615 963 2679 sanctissima
993 2615 1180 2691 voluntate,

1 2713 2 2794 l
72 2732 261 2792 convocato
291 2721 334 2786 ad
354 2743 387 2788 se
407 2723 629 2808 episcoporum
651 2730 682 2786 et
704 2721 836 2784 aliorum
857 2740 1015 2786 servornm
1036 2723 1092 2787 Dei
1112 2745 1181 2787 non

1 2819 2 2834 ¹
72 2834 212 2897 minimo
233 2843 416 2908 conventu,
446 2851 518 2896 eum
540 2829 583 2895 ad
603 2829 801 2915 praedictam
823 2850 952 2894 causam
972 2828 1182 2915 praedicandi

1 3007 2 3022 ζ
74 2941 210 3006 verbum
240 2942 297 3006 nei
327 2941 504 3006 destinavit.
559 2939 620 3022 Qui
651 2937 846 3026 quantocius
874 2939 953 3004 mari
987 2948 1181 3004 trane-cato

1 3040 3 3062 ’
75 3052 164 3118 venit
196 3048 368 3125 inFrisia,
403 3048 444 3113 ad
465 3049 572 3113 locum
594 3049 651 3133 qui
674 3047 789 3112 dicitur
811 3048 1036 3134 Dockioghac,
1060 3049 1117 3136 qui
1137 3059 1183 3114 est

74 3163 111 3226 in
132 3161 322 3247 Oestergoc,
344 3157 400 3222 ubi
419 3158 565 3223 dominus
587 3157 768 3222 Bonitacius
788 3157 954 3243 epiecopus
973 3159 1037 3222 iam
1059 3158 1182 3224 dudum

1 3243 2 3258 i
75 3269 229 3355 martyrio
260 3276 432 3333 coronatus
461 3266 573 3331 suerat.
617 3264 666 3329 lbi
696 3284 772 3351 ergo
793 3271 948 3350 quoniam
977 3287 1035 3352 per
1055 3269 1184 3354 praedi.

72 3381 239 3448 nationem
269 3375 422 3462 praedicti
455 3373 599 3460 martyris
631 3374 720 3439 multi
741 3383 834 3438 antea
856 3375 898 3440 ad
918 3375 1015 3440 fidem
1036 3378 1182 3444 instructi

71 3492 221 3564 laterent,
256 3507 330 3552 cum
362 3505 478 3570 magno
508 3483 634 3548 honore
654 3480 697 3546 ab
717 3482 760 3546 eis
780 3494 959 3567 susceptus,
993 3484 1101 3569 ibique
1121 3487 1183 3550 do·

71 3610 150 3666 cens
177 3617 240 3671 ea,
273 3615 357 3680 quae
389 3593 443 3657 Dei
473 3601 567 3666 sunt,
600 3589 700 3652 multo
732 3597 874 3672 tempore
896 3587 1057 3658 habitavit.
1101 3593 1182 3658 Nam

72 3719 104 3774 et
126 3704 254 3793 plurimi
273 3701 425 3766 nobilium
446 3699 581 3764 infantes
600 3718 673 3762 suos
692 3697 750 3782 ipsi
773 3695 816 3762 ad
837 3697 1044 3764 erudiendum
1064 3701 1182 3768 ibidem

71 3813 285 3881 tradiderunt.
316 3809 404 3891 Quos
423 3808 475 3873 ille
494 3818 559 3874 tam
582 3805 699 3882 verbo,
723 3827 822 3892 worn
843 3807 987 3893 exemplo
1007 3810 1080 3894 piac
1101 3833 1183 3876 coa-

71 3923 255 3992 versationis
276 3921 319 3986 ad
340 3919 483 3985 divinam
503 3917 614 4003 iugiter
634 3913 791 3980 incitabat
812 3936 963 3984 amorem.
1007 3918 1183 4004 lllultosque

70 4043 215 4102 errantes
246 4030 320 4096 olim
355 4050 374 4092 a
405 4026 489 4104 fide,
524 4023 566 4088 ad
598 4043 705 4087 veram
736 4033 768 4088 et
800 4024 992 4090 catholicam
1023 4029 1183 4097 revocarit

70 4141 263 4213 scientiam,
288 4157 384 4222 seque
405 4135 576 4200 maximum
597 4131 702 4196 lumen
724 4151 878 4214 supernae
900 4131 1050 4200 claritatis
1069 4139 1183 4208 codem

70 4251 107 4314 iu
129 4250 206 4316 loco
229 4244 380 4314 exhibuit.
410 4243 579 4310 Gentilium
591 4259 723 4328 quoque
734 4239 1011 4325 quamplurimam
1023 4258 1183 4319 catervam
