2928 5148
294 501 337 565 92
754 497 977 565 Wortr’nrt'r

294 669 368 732 Erat
399 666 479 730 enim
513 683 600 729 verus
630 663 812 746 israhelita,
843 669 878 732 in
912 669 1000 734 cuius
1020 667 1129 752 spiritu
1150 666 1254 732 nulius
1274 669 1391 734 nutrie-
1459 673 1460 676 ’

293 775 386 839 batur
416 772 523 852 dolus;
559 775 720 838 neminem
751 775 916 852 laedebat,
960 777 1120 840 neminem
1160 776 1389 853 defraudabat,

291 881 405 946 nemini
437 881 528 966 quod
557 879 616 944 sibi
645 881 713 946 fieri
746 884 848 947 noluit
870 885 952 950 iecit.
994 883 1121 973 idcirco
1142 885 1291 948 dominns
1312 883 1393 948 uix·
1459 961 1460 972 χ

290 990 390 1054 fridus
419 1009 492 1054 cum
523 988 634 1053 tatibus
666 1007 738 1052 eum
770 991 889 1076 fulgere
921 991 1092 1057 virtutibus·
1116 992 1253 1068 videret,
1289 991 1396 1056 nimio·

291 1099 424 1185 repletus
443 1095 579 1181 gaudio,
602 1094 692 1180 quod
713 1097 807 1161 talem
829 1108 998 1163 mereretur
1018 1099 1133 1164 habere
1153 1119 1390 1174 successorem,
1459 1111 1460 1194 ᾗ

289 1208 390 1293 ipsum
429 1206 500 1269 iicet
538 1203 671 1268 inritum
705 1203 863 1270 ordinavit
892 1205 1117 1292 presbyterum.
1172 1205 1296 1270 Nomen
1331 1228 1396 1270 au·-
1459 1203 1460 1260 i

289 1326 353 1380 tem
396 1315 461 1378 einr
492 1321 622 1398 propter
654 1311 737 1375 vitae
768 1314 1011 1378 sanctimoniam
1041 1333 1097 1397 per
1129 1313 1303 1378 universam
1334 1334 1395 1377 ce·
1459 1329 1460 1336 ¹

289 1421 374 1488 lebre
405 1422 523 1486 sactum
554 1429 601 1484 est
629 1427 767 1495 terram,
812 1422 856 1485 ita
890 1431 924 1485 ut
957 1421 1050 1486 etiam
1083 1421 1183 1506 regias
1212 1419 1398 1511 verberaret

290 1551 390 1595 811168.

286 1982 344 2039 Ite
370 1979 558 2039 Ludovtol
578 1979 769 2038 Freuolae
791 1982 896 2052 regis
921 1995 968 2040 ec
986 1983 1246 2042 Romanorum
1263 1983 1396 2054 tmpe-

352 2075 519 2142 ratorls‚
537 2072 612 2130 11111
635 2071 767 2130 (tatoli
784 2075 937 2144 motui,
955 2076 1099 2136 uuerco
1117 2077 1312 2146 coniugio.

718 2275 806 2340 CAP.
828 2277 938 2344 XXIX.

323 2495 422 2554 Anno
454 2485 580 2550 Domini
601 2485 708 2554 viiicxv
728 2488 781 2552 die
800 2490 892 2555 xxviii
922 2491 1063 2555 Januarii
1096 2489 1173 2554 obiit
1195 2489 1393 2578 Aquisgrani

284 2598 414 2668 Carolus
443 2615 578 2681 magnus
610 2597 806 2661 Francorum
828 2619 883 2662 rex
903 2607 934 2662 et
956 2597 1180 2662 Romanorum
1200 2597 1393 2681 imperatorr

281 2709 339 2778 Cui
370 2709 405 2770 in
437 2723 533 2787 regno
564 2713 595 2768 et
628 2704 759 2789 imperio
791 2705 935 2770 successit
955 2703 1037 2768 filitrs
1058 2703 1237 2769 Ludoricus
1258 2725 1388 2792 cogno·

281 2825 394 2881 mento
433 2813 512 2896 pius.
567 2810 661 2876 Cuius
692 2813 793 2894 prima
827 2833 908 2876 uxor
939 2811 1026 2877 dicta
1058 2811 1230 2897 Ermgnrda
1260 2815 1388 2898 peperit

282 2925 363 2989 dnos
393 2919 475 2983 filios
503 2914 687 2979 Lotharium
718 2927 750 2980 et
770 2917 976 2984 Ludovicum.
1022 2919 1096 2983 Post
1118 2928 1251 2984 mortem
1273 2930 1387 2986 autem

279 3024 471 3108 Ermgardae
509 3018 721 3110 praescriptae
763 3027 941 3093 Ludovicus
984 3028 1078 3092 aliam
1108 3029 1196 3112 duxit
1227 3051 1382 3106 uxorem,

273 3134 377 3222 'filiam
406 3131 550 3197 videlicet
572 3132 760 3219 Weiphouis
793 3134 881 3199 ducis
902 3134 1072 3212 lia-variae,
1095 3136 1202 3200 Iudith
1223 3138 1387 3216 nomine,

279 3259 363 3328 quae
392 3240 496 3324 neptis
525 3249 593 3304 erat
623 3241 681 3326 ipsi
713 3241 893 3318 Ludovico,
930 3242 1104 3308 etidcirco
1125 3243 1267 3308 illicitum
1288 3246 1383 3312 nefa·

277 3352 424 3436 riumque
464 3345 506 3410 ab
547 3346 695 3411 omnibus
727 3349 846 3414 Galliae
877 3350 1031 3435 episcopis
1060 3352 1304 3433 pronuntiatum
1333 3365 1382 3420 est

276 3455 530 3536 matrimonium
562 3466 659 3543 atque
687 3466 759 3542 post
789 3458 979 3524 canonicam
1010 3457 1284 3538 admonitionem,
1318 3463 1385 3528 nisi

277 3569 438 3634 mulierem
476 3564 660 3640 dimitteret,
706 3565 1040 3631 excommunicationis
1081 3571 1271 3632 sententiam
1311 3572 1378 3656 regi

276 3675 503 3748 minabantur3
534 3673 589 3754 qui
621 3693 663 3738 ne
691 3676 1034 3748 excommunicaretur,
1067 3675 1175 3740 relicta
1208 3676 1308 3741 Gallia
1341 3678 1381 3743 in

276 3779 477 3848 Germaniam
511 3779 604 3841 venit.
649 3779 734 3842 Haec
764 3777 884 3867 idcirco
918 3778 969 3842 hic
1001 3779 1103 3844 obiter
1136 3800 1267 3847 narrare
1301 3784 1376 3848 duxi

275 3886 499 3960 necessarium,
532 3883 607 3968 quia
637 3885 777 3972 martyrii
808 3883 895 3952 beati
921 3887 1075 3954 Frederici
1108 3890 1246 3974 episcopi
1278 3912 1378 3956 causa

275 3995 342 4062 suit.

787 4157 865 4188 m
