2950 5144
304 512 348 576 ὦ
741 501 963 567 Wonennr

305 698 546 761 rasennam
563 697 645 755 sive
665 699 772 752 terra
789 693 955 762 roseta,
979 703 1078 763 qnae
1106 702 1209 750 nunc
1225 689 1402 764 Ueliter-

390 793 526 852 landis
543 791 711 857 arentur,
729 801 801 859 per
818 785 994 847 sanctum
1010 781 1231 856 liudgerum
1246 783 1299 842 ad

460 885 654 946 (tlarlstnm
672 881 933 950 convertitur,
954 882 995 937 et
1012 877 1131 938 credo
1148 876 1253 951 quart

609 987 712 1034 nune
730 973 876 1032 ereren:
893 967 1095 1032 Gottandt.

755 1152 842 1216 CAP.
864 1150 960 1216 XXV.

350 1325 402 1388 Est
433 1331 538 1386 autem
567 1322 670 1386 insuta
691 1323 726 1385 in
747 1324 816 1404 ipso
837 1317 1003 1383 Frisonum
1025 1326 1123 1402 atque
1143 1315 1307 1378 Danorum
1327 1333 1406 1378 con·

308 1432 386 1498 iinio
408 1431 597 1506 constituta,
631 1448 715 1514 quae
736 1425 919 1513 aquodam
939 1423 1051 1490 Foseto
1075 1427 1184 1509 (quem
1204 1443 1313 1488 errore
1331 1442 1406 1506 gen·

310 1541 355 1605 tiii
383 1539 510 1604 incolae
541 1537 636 1603 deum
666 1534 851 1619 credebant)
884 1533 1049 1600 dicebatur
1069 1541 1152 1597 terra
1172 1533 1348 1607 Fusciano,
1378 1540 1408 1596 et

310 1647 374 1711 iam
406 1645 637 1730 Religerlandia
658 1665 722 1710 esse
741 1642 902 1719 creditur,
937 1643 977 1706 de
997 1662 1064 1728 qua
1085 1640 1180 1706 habes
1201 1642 1297 1706 etiam
1317 1659 1408 1724 supra

311 1762 427 1839 quarto
457 1754 607 1838 capitulo.
661 1752 711 1817 ad
742 1771 841 1837 quarn
871 1751 918 1817 vir
949 1749 1026 1824 Dei,
1070 1749 1197 1814 Domini
1225 1749 1405 1821 voluntate,

310 1860 557 1949 praedicationis
586 1859 688 1946 gratia
709 1859 929 1926 transfretavit.
971 1858 1028 1925 Cui
1049 1879 1122 1925 cnm
1142 1859 1207 1922 iam
1228 1856 1411 1942 navigando

312 1987 383 2034 non
415 1970 527 2054 procul
562 1968 699 2044 abesset.
725 1978 756 2032 et
776 1977 887 2032 sancta
908 1987 1025 2044 cruce,
1046 1987 1144 2052 quam
1164 1986 1260 2051 penes
1279 1985 1310 2028 se
1331 1983 1431 2027 sem-r

312 2099 369 2163 per
401 2097 507 2164 gerere
538 2076 679 2153 solebat,
714 2077 749 2140 in
771 2074 919 2141 manibus
938 2075 1001 2140 suis
1019 2083 1164 2160 sumpta,
1188 2074 1275 2138 illurn
1295 2074 1411 2138 diceret

311 2188 466 2271 psalnmm
510 2186 695 2252 liavidicum
735 2185 819 2251 lxvii.
872 2185 1024 2268 Exsurgat
1055 2183 1137 2248 Deus
1166 2192 1198 2248 et
1227 2183 1412 2266 dissipentur

313 2294 433 2360 inimici
461 2293 527 2358 eius
557 2303 589 2357 et
615 2293 754 2378 fugiant,
787 2293 843 2376 qui
875 2290 1013 2356 oderunt
1033 2311 1105 2356 eum
1126 2311 1146 2355 a
1165 2290 1247 2356 iaoie
1268 2293 1330 2356 eius
1348 2299 1412 2359 eac.

313 2401 404 2468 Ecce
429 2419 558 2474 omnes,
581 2400 638 2485 qui
659 2419 765 2464 secum
784 2398 821 2461 in
842 2397 910 2482 ipso
931 2397 1061 2484 navigio
1080 2409 1192 2473 erant,
1217 2398 1415 2464 tenebrosam

312 2507 459 2573 viderunt
489 2506 657 2592 caliginem
688 2508 788 2572 instar
819 2507 897 2572 iumi
917 2527 1011 2592 super
1030 2509 1131 2594 ipsam
1152 2508 1287 2572 insulam
1309 2528 1416 2573 exsur-

313 2637 404 2702 gere,
427 2635 493 2702 qua
514 2613 633 2682 deinde
652 2616 806 2702 paulatim
826 2615 998 2682 recedente
1018 2617 1168 2682 serenitas
1189 2617 1276 2682 clara
1297 2617 1414 2692 itlruit,

313 2725 398 2790 unde
430 2724 475 2792 vir
507 2723 562 2788 Dei
582 2723 756 2810 intelligens
775 2725 912 2810 gratiam
932 2725 1074 2791 divinam
1094 2726 1157 2790 iilic
1177 2725 1233 2790 sibi
1253 2726 1418 2809 praeviam

314 2831 487 2898 daemones
518 2851 629 2896 omnes
656 2831 797 2916 fugasse,
831 2831 948 2916 gratias
968 2831 1034 2897 Deo
1054 2833 1137 2920 egit,
1162 2841 1256 2918 atque
1276 2831 1420 2896 insulam

288 2986 291 2992 ,
312 2942 463 3027 ingressus
492 2935 622 3003 verbum
654 2938 709 3002 liei
730 2938 945 3005 ardentissime
964 2942 1175 3026 evangelizare
1196 2941 1312 3024 coepit.
1355 2939 1420 3005 Ubi

312 3048 350 3112 in
370 3043 457 3109 brevi
478 3042 584 3110 divina
603 3044 775 3110 comitante
794 3045 913 3131 pietate
931 3056 1032 3114 totam
1051 3049 1138 3114 ittam
1157 3059 1273 3114 terram
1293 3047 1420 3114 Christo

315 3153 489 3227 convertit,
524 3153 668 3219 Fosetum
689 3164 721 3220 et
740 3155 820 3220 tana
840 3154 1009 3232 destruxit,
1043 3165 1074 3222 et
1095 3156 1150 3220 liei
1170 3157 1318 3223 ecclesias
1338 3177 1420 3222 con·

314 3261 434 3327 struxit.
477 3261 516 3325 Et
548 3260 712 3328 credentes
743 3281 850 3327 omnes
878 3260 1050 3348 baptizavit
1079 3264 1115 3328 in
1145 3265 1201 3329 ilio
1231 3265 1323 3329 sonte
1353 3264 1422 3329 illic

314 3367 500 3446 ebulliente.
533 3371 568 3434 in
601 3391 669 3455 quo
700 3370 776 3436 olim
806 3369 917 3438 beatus
938 3371 1161 3438 willibrordus
1191 3383 1254 3438 tres
1274 3370 1423 3438 homiues

313 3476 540 3563 baptizaverat.
581 3480 622 3545 In
652 3480 760 3565 primis
790 3501 867 3547 vero
897 3490 999 3546 tarrae
1027 3481 1107 3546 illius
1126 3482 1275 3568 princeps
1295 3479 1423 3547 Christo

315 3586 467 3662 credidit.
500 3608 539 3652 ac
572 3588 717 3652 omnium
749 3587 867 3672 primus
898 3587 1093 3674 baptismatis
1121 3591 1246 3655 iontem
1266 3590 1424 3674 ingressus

315 3703 370 3756 est.
408 3694 543 3778 Insuper
563 3705 594 3758 et
613 3696 714 3759 filium
735 3716 826 3760 suum
847 3695 1040 3763 Landricum
1062 3699 1195 3764 nomine
1215 3697 1311 3763 beato
1331 3697 1423 3761 Lud-

315 3816 391 3882 gero
421 3797 462 3862 de
492 3819 584 3863 sacro
616 3800 707 3864 iontc
735 3800 903 3865 levandum
924 3801 1046 3871 obtulit.
1093 3806 1195 3887 Quem
1216 3807 1311 3870 etiarn
1331 3805 1421 3870 idem

316 3902 486 3990 ludgerus,
509 3926 582 3970 cum
602 3916 713 3990 postea
733 3908 899 3992 episcopus
918 3909 1020 3975 factus
1040 3922 1135 3988 esset,
1148 3914 1242 3979 literis
1261 3913 1423 3978 imbutum

316 4013 351 4076 in
382 4013 578 4078 sacerdotem
611 4016 819 4081 consecravit.
865 4016 927 4097 Qui
956 4029 1064 4102 postea
1096 4021 1198 4086 multis
1221 4021 1313 4132 aan
1333 4021 1423 4110 genti

319 4120 480 4186 Frisonum
502 4122 536 4185 in
558 4120 724 4188 doctrinae
745 4123 848 4187 studio
870 4125 1013 4207 praefuit.
