2928 5148
296 506 339 570 92
756 502 979 570 WORPERI

232 657 233 660 ¹
296 673 370 736 Erat
400 671 482 735 enim
515 686 602 733 vetus
632 668 814 751 israhelita,
845 673 879 737 in
914 674 1002 740 cuius
1021 672 1130 756 spiritu
1152 672 1256 737 nutius
1275 675 1393 740 nutrie-

295 779 388 844 batur
418 777 525 857 dolus;
561 780 721 843 neminem
752 780 918 858 laedebat,
962 782 1122 846 neminem
1161 782 1392 858 defraudabat,

293 885 408 951 nemini
439 886 530 971 quod
558 885 617 950 sibi
647 886 715 951 fieri
747 888 850 952 noluit
871 890 954 955 iecit.
997 887 1123 954 Idcirco
1144 890 1292 954 dominus
1314 888 1395 953 Rix-

292 995 392 1059 iridus
421 1014 494 1059 cum
525 993 636 1058 talibus
668 1012 740 1056 eum
771 996 891 1081 fulgere
922 996 1094 1062 virtutibus·
1118 998 1254 1074 videret,
1290 997 1396 1062 nimio

293 1104 426 1190 repletus
445 1100 581 1186 gaudio,
604 1099 694 1185 quod
715 1102 809 1166 talem
831 1112 1000 1168 mereretur
1020 1103 1135 1170 habere
1154 1125 1392 1179 successorem,

291 1213 392 1298 ipsum
430 1211 502 1274 licet
540 1208 673 1273 inritum
706 1208 865 1275 ordinavit
894 1210 1119 1297 presbyterum.
1173 1211 1297 1275 Nomen
1333 1233 1398 1275 au·-

291 1330 356 1385 tam
398 1319 463 1384 eius
493 1326 624 1402 propter
655 1315 739 1382 vitae
770 1319 1013 1384 sanctimoniam
1043 1338 1099 1402 per
1130 1319 1305 1383 universam
1336 1339 1397 1382 ce·

290 1425 376 1492 lebre
407 1427 525 1491 iactum
556 1434 603 1490 est
631 1432 770 1499 terram.
814 1427 858 1490 ita
891 1437 926 1490 ut
958 1426 1053 1491 etiam
1085 1427 1183 1511 regias
1214 1425 1400 1516 verberaret

292 1556 392 1600 aures.

288 1987 346 2044 De
371 1984 559 2044 Ludovtot
579 1984 771 2043 Franelee
791 1986 898 2057 rests
922 2000 970 2045 ae
987 1988 1248 2046 Romanorum
1265 1989 1398 2059 ampe-

353 2081 521 2147 ratorls,
538 2077 614 2135 mu
636 2076 769 2135 (taron
785 2080 916 2149 magni
926 2114 938 2148 ,
956 2081 1100 2140 unctae
1118 2082 1313 2152 comune.

719 2280 807 2345 cst).
829 2281 939 2349 xxix,

325 2500 424 2559 Anno
456 2490 582 2555 Domini
601 2491 709 2559 viiicxv
729 2492 783 2558 die
801 2495 894 2561 xxviii
923 2496 1065 2560 ianuarii
1097 2495 1176 2560 obiit
1196 2494 1394 2582 Aquisgrani

285 2603 416 2673 Carolus
444 2620 580 2687 magnus
611 2602 808 2666 Francorum
829 2623 884 2667 rex
904 2614 936 2667 et
957 2602 1181 2666 Romanorum
1201 2603 1395 2686 imperatore

283 2715 341 2784 Cui
371 2714 406 2778 in
438 2728 534 2792 regno
566 2718 597 2773 et
629 2708 761 2794 imperio
792 2711 937 2776 successit
957 2709 1039 2774 filius
1060 2707 1239 2775 Ludovicus
1259 2731 1389 2797 cogno-

283 2829 395 2887 mento
435 2818 513 2902 pius.
569 2815 662 2881 euius
693 2819 794 2900 prima
828 2839 910 2882 uxor
941 2817 1027 2883 dictu
1059 2817 1231 2903 Ermgarda
1262 2821 1389 2904 peperit

283 2931 365 2995 duos
395 2924 476 2988 iiiios
505 2919 688 2985 Letharium
720 2932 751 2986 ct
771 2922 978 2990 Ludovicum.
1024 2925 1098 2988 Post
1119 2935 1254 2990 mortem
1274 2936 1388 2992 autem

281 3030 472 3114 Ermgardae
511 3023 723 3115 praescriptae
764 3032 942 3099 Ludovicus
984 3034 1080 3098 aliam
1109 3034 1198 3117 duxit
1228 3057 1383 3112 uxorem,

275 3141 378 3228 ‚filiam
408 3136 552 3202 videlicet
573 3137 762 3224 welphonis
794 3139 882 3204 ducis
903 3140 1073 3218 Barariae,
1097 3142 1203 3206 Iudith
1224 3144 1388 3222 nomines

280 3265 364 3334 quue
393 3245 497 3330 neptis
526 3254 594 3309 erat
624 3246 683 3331 ipsi
715 3247 894 3324 Ludorico‚
931 3258 962 3315 et
983 3248 1106 3314 idcirco
1126 3249 1269 3314 illicitum
1289 3252 1384 3318 nefa·

279 3358 425 3441 rinmquc
466 3350 507 3416 ab
548 3352 697 3417 omnibus
728 3355 848 3420 Galliae
878 3356 1032 3440 episcopis
1061 3358 1306 3439 pronuntiatum
1335 3371 1383 3426 est

277 3461 531 3542 matrimonium
564 3471 660 3549 utque
688 3473 760 3548 post
790 3463 981 3530 canonicam
1011 3463 1285 3544 admonitionem,
1320 3469 1384 3534 nisi

278 3574 439 3639 mulierem
477 3570 661 3646 dimitteret,
707 3571 1041 3638 excommunicationis
1083 3577 1273 3638 sententiam
1312 3578 1379 3662 regi

277 3680 504 3754 minabantur3
535 3679 590 3760 qui
622 3699 664 3744 ne
692 3681 1036 3755 excommunicaretur,
1069 3679 1176 3746 relicta
1209 3682 1310 3747 Gallia
1342 3684 1382 3749 in

277 3784 478 3853 Germaniam
512 3784 606 3846 venit.
651 3785 736 3848 Haec
765 3786 885 3874 idcirco
920 3784 970 3849 hio
1003 3785 1105 3850 obiter
1138 3807 1269 3853 narrare
1302 3790 1376 3855 duri

276 3891 500 3966 necessarium,
533 3888 608 3974 qnia
638 3891 779 3977 martyrii
809 3890 897 3958 beati
923 3893 1076 3960 Frederici
1109 3896 1248 3980 episcopi
1279 3918 1378 3962 causo

276 4000 343 4067 fuit.

788 4163 867 4194 m
