2950 5144
489 487 737 556 CllllONlCOll.
1133 499 1176 564 83

69 660 102 714 et
136 650 218 713 duro
252 661 365 715 contra
396 652 538 718 infideles
568 655 710 721 Saxones
739 657 822 726 bello
853 662 1036 730 dimicabat.
1090 667 1174 732 llaec

13 773 16 866 p
69 767 175 823 eutem
209 779 289 844 gens
320 760 558 843 pertinacissimi
589 774 656 828 erat
689 767 812 842 enimi,
847 769 927 834 adeo
958 782 993 834 ut
1013 793 1084 837 eam
1105 773 1173 857 pius

13 869 14 902 ³
68 886 121 930 rex
154 866 244 930 heud
274 867 380 940 aliter,
414 890 513 954 quam
535 872 565 935 si
587 891 768 951 ermonem,
803 877 910 960 gladio
933 901 971 944 ac
992 879 1094 956 bello.
1130 883 1173 946 ad

12 991 13 1000 ²
68 995 159 1039 verae
190 974 267 1039 fidei
299 984 329 1036 et
357 976 465 1040 salutis
499 979 582 1041 dam
613 978 747 1065 dirigere
775 985 890 1068 potuit.
933 986 1026 1052 Unde
1056 992 1173 1074 gravis·

11 1105 12 1160 ι
67 1081 151 1146 simis
193 1083 318 1166 proeliis
350 1085 474 1170 triginta
505 1086 602 1150 tribus
633 1089 729 1154 annis
758 1102 871 1155 contra
903 1113 958 1158 eos
988 1095 1173 1162 dimicando

10 1227 11 1230 =
66 1188 222 1255 edomuit.
267 1190 373 1254 Nullos
403 1193 497 1257 etiarn
518 1194 570 1258 illa
593 1215 671 1281 gens
693 1217 797 1282 neque
817 1219 922 1282 reges,
957 1223 1062 1287 neque
1080 1208 1171 1290 prin·

65 1297 154 1380 cipes
176 1307 310 1362 enteca
333 1308 475 1384 tempora
498 1299 640 1366 habuisse
660 1304 792 1389 legitur,
824 1308 879 1370 sad
899 1305 976 1372 dum
999 1312 1042 1373 eis
1062 1313 1170 1398 aliqua

64 1403 142 1468 belli
177 1407 338 1470 necessitas
369 1408 551 1491 ingruisset,
581 1411 719 1498 aliquem
746 1414 844 1478 vinnm
865 1415 999 1480 electum
1019 1414 1060 1480 de
1079 1419 1172 1501 plebe

64 1511 99 1575 in
129 1512 207 1576 belli
240 1512 353 1578 ducem
385 1516 579 1591 extulerunt,
616 1520 668 1582 cui
688 1540 745 1604 per
765 1520 799 1584 id
820 1531 943 1606 tempus
962 1522 1120 1607 parebant
1141 1538 1171 1590 et

65 1621 293 1707 sequebantur.
336 1622 412 1687 Eret
439 1623 534 1709 igitur
566 1633 647 1690 tunc
678 1629 827 1712 temporis
856 1629 943 1714 apud
963 1631 1106 1698 Saxones
1126 1636 1171 1699 sir

65 1729 202 1814 quidem
234 1729 410 1816 siquidem
430 1751 593 1798 armorum
622 1744 654 1798 et
686 1736 810 1800 militari
832 1737 998 1821 prudentia
1020 1741 1167 1828 insignis,

64 1859 174 1904 verum
195 1839 311 1923 impius
329 1850 361 1905 et
381 1840 520 1925 perfidus
538 1841 694 1917 idolatra,
717 1845 843 1914 nomine
864 1847 1069 1916 Wedskinus
1112 1852 1169 1917 llic

65 1945 104 2011 ab
135 1946 323 2013 infidelibus
354 1949 570 2014 Saxonibus
561 1971 595 2014 ιιι
618 1951 795 2037 principem
816 1952 889 2018 belli
908 1957 1045 2032 clectus,
1078 1959 1170 2025 valde

4 2135 5 2138 Ἴ
61 2055 235 2122 inlcstubat
275 2055 485 2133 Christianos,
526 2078 597 2123 non
642 2060 763 2135 solum,
806 2061 862 2145 qui
894 2064 979 2128 iutra
1011 2063 1169 2133 Saxonise

3 2141 6 2252 l
61 2164 283 2248 provinciam,
320 2165 375 2229 sed
407 2167 501 2230 etiam
533 2166 591 2251 qui
621 2167 795 2232 incircum
817 2169 993 2233 vicinarum
1015 2180 1168 2236 terrarum

60 2272 131 2338 loca
154 2271 384 2351 morabantur3
418 2293 506 2338 nunc
537 2272 615 2348 hos,
649 2294 741 2340 nunc
761 2275 857 2340 illos
848 2295 923 2362 igne
943 2286 973 2340 et
995 2277 1079 2342 leno
1099 2299 1169 2345 ras·

60 2380 177 2448 tando.
222 2381 275 2446 Sic
307 2382 401 2467 igitur
429 2382 492 2448 hnc
522 2391 664 2468 ternpore
695 2382 838 2449 Saxones
871 2383 953 2451 duce
986 2386 1168 2453 Wedelsino

59 2488 188 2557 lrisiem
221 2490 431 2575 irrumpentes
460 2501 580 2556 cuncte
610 2491 761 2557 caedibus
801 2493 958 2558 incendiis
988 2505 1019 2559 et
1049 2498 1168 2582 rapinis

1 2531 3 2660 l
59 2597 252 2682 implevere,
285 2597 397 2664 Christi
429 2600 545 2684 templa
578 2599 787 2675 destruendo,
821 2611 853 2665 et
883 2623 1030 2688 quosque
1059 2607 1167 2672 fideles

1 2709 2 2792 l
60 2717 115 2770 aut
147 2707 348 2794 iugulando,
385 2717 440 2771 sut
459 2706 658 2798 expellendo.
701 2707 740 2770 ln
763 2717 885 2772 tantum
906 2711 994 2794 quod
1017 2713 1167 2776 maiorem

1 2795 2 2818 ³
57 2825 183 2899 partem
223 2815 338 2880 Frisiac
369 2815 412 2880 ad
441 2835 542 2902 usque
573 2816 724 2879 terminos
756 2815 962 2886 occidentalis
990 2817 1077 2900 ripae
1103 2819 1167 2882 flu.

57 2924 155 2989 minis
171 2924 254 2991 Flevi
273 2945 293 2988 e
314 2945 387 2990 vera
408 2924 518 2991 Christi
537 2925 603 2990 lida
624 2923 665 2988 ed
686 2923 853 3008 pristinum
873 2941 1010 2990 onorem
1030 2923 1166 2991 deficere

1 3029 2 3046 ²
57 3033 217 3100 fecerimt.
259 3032 326 3097 Sub
355 3054 422 3120 qus
450 3033 545 3102 etiam
565 3033 714 3098 doloroso
733 3033 951 3116 persecutione
971 3031 1166 3100 venerandus

60 3143 192 3211 antistes
221 3142 385 3208 Aclbricus
415 3143 580 3228 episcopus
611 3141 816 3208 Traiectensis
847 3163 941 3226 supra
975 3152 1167 3208 memoretus

60 3271 101 3316 ex
138 3252 198 3317 lrac
240 3253 310 3318 luce
338 3251 499 3336 migravit,
532 3251 583 3316 cui
628 3249 850 3328 Theodardus,
895 3253 971 3316 alies
1001 3251 1164 3328 litardus,

60 3360 196 3426 natione
224 3361 310 3424 Friso
339 3361 470 3446 quintus
500 3359 702 3425 'lraiectensis
722 3359 888 3445 episcopus
908 3359 1055 3426 successit
1076 3379 1165 3424 anno

59 3469 189 3534 Domini
220 3469 359 3553 viiqlxxx.
412 3469 511 3553 Igilur
542 3468 587 3532 vir
618 3468 673 3532 llci
704 3467 865 3552 ludgerus
895 3467 1005 3535 videns
1035 3485 1166 3530 omnem

58 3577 155 3643 ferma
187 3595 279 3640 strum
310 3575 452 3644 laborem
481 3577 515 3640 in
547 3576 645 3640 Frisiis
664 3573 809 3660 periisse,
840 3571 960 3638 nullam
981 3593 1068 3658 spem
1089 3591 1164 3656 pro·

59 3685 188 3750 ficiendi
233 3686 412 3772 nulliusque
442 3685 561 3750 fructus
590 3684 717 3760 locum,
760 3682 884 3748 cunctis
909 3681 967 3747 sibi
999 3682 1164 3748 adversim

59 3793 287 3870 resistentibus,
331 3793 433 3857 doluit
474 3793 577 3858 valde.
633 3792 802 3874 desumpto
842 3790 951 3876 itaque
981 3792 1079 3856 fratre
1106 3795 1177 3856 suo'

58 3901 267 3989 llildcgsimo.
279 3903 336 3986 qui
355 3897 436 3966 nalu
457 3912 524 3966 eret
544 3899 794 3982 minor‚pariter
815 3898 1026 3978 etGerberto,
1039 3899 1165 3963 dulcem

58 4012 196 4093 patriam
238 4030 327 4073 suam
366 4010 492 4074 Frisiam
525 4017 643 4072 moeste
672 4006 818 4071 deserens
849 4007 983 4090 perrexit
1014 4005 1162 4071 Romam.

58 4117 131 4198 Quo
163 4122 239 4184 'curn
267 4118 458 4203 pervenisset
478 4116 609 4202 benigne
630 4137 650 4180 a
670 4135 793 4178 summo
814 4113 967 4198 pontifice
987 4124 1162 4200 susceptus,

58 4228 189 4307 omnia,
236 4249 320 4313 quae
351 4227 468 4304 voluit,
504 4225 634 4291 feciliter
662 4222 839 4308 impetrarit
870 4221 912 4288 ab
942 4244 991 4291 eo.
1048 4225 1164 4290 Deinde
