2928 5148
496 479 743 547 cuttotttcott.
1129 481 1174 546 93

175 691 235 752 lte
252 695 376 753 morte
393 693 568 753 lttxtrtrtt
586 695 764 767 episcopt
781 695 823 752 et
840 694 1068 765 episcopatu

437 787 565 844 sancti
581 786 799 846 hertertct.

524 986 613 1053 CAP.
635 987 730 1053 XXX.

109 1177 195 1244 ilaec
226 1177 306 1242 dum
333 1187 526 1262 agerentur,
558 1178 694 1243 moritur
721 1176 887 1242 Rixlridus
906 1177 1073 1271 episeopus
1093 1179 1170 1243 Tra·

64 1285 211 1352 ieotensis
250 1286 385 1350 natione
423 1286 528 1362 Friso,
573 1285 722 1353 doctrina
747 1294 786 1350 ct
817 1286 986 1350 sanctitate
1016 1286 1165 1372 insignis,

65 1413 161 1458 anno
200 1393 328 1456 Domini
359 1392 478 1476 viiiqxxi
510 1394 628 1478 quinto
660 1393 711 1458 die
738 1394 855 1458 mensis
885 1391 1043 1458 Octobris.
1096 1393 1169 1474 Quo

64 1500 248 1566 honorifice
277 1501 398 1585 sepulto
430 1502 530 1567 clerus
561 1512 592 1567 et
622 1504 758 1588 populus
787 1501 897 1567 dicunt
928 1522 961 1565 se
981 1499 1170 1565 uenalium

64 1608 180 1695 eligere
202 1609 411 1694 episcopum,
434 1630 532 1696 quam
552 1609 762 1677 Fredericum.
805 1609 935 1674 Interim
957 1629 1011 1673 rex
1031 1608 1170 1673 ludovi-

66 1736 126 1780 cus
156 1716 262 1783 Caroli
292 1719 401 1802 magni
428 1718 510 1784 filius
536 1718 598 1803 lde
627 1739 695 1805 quo
727 1719 831 1803 capite
851 1717 1088 1803 praecedenti),
1111 1717 1170 1803 qui

65 1834 149 1890 tuno
192 1847 232 1890 ne
264 1827 590 1892 excommunicaretur
621 1827 664 1891 ab
693 1825 846 1911 episcopis
876 1834 1007 1910 propter
1038 1834 1169 1910 neptem

62 1952 177 2007 suam,
210 1953 309 2015 quam
337 1933 372 1996 in
402 1954 532 1998 uxorem
563 1935 712 2011 duxerat,
745 1935 780 1998 in
813 1934 913 1998 Gallia
944 1953 1076 1999 manere
1095 1952 1169 1997 non

62 2038 225 2117 audebat.
261 2040 296 2104 in
327 2039 496 2106 Germania
517 2041 602 2105 iuxta
622 2040 773 2105 Rhenum
795 2039 968 2116 manebat,
1003 2049 1167 2125 comperto

61 2147 203 2214 Rixiridi
235 2149 374 2232 episcopi
396 2146 486 2212 obitu
506 2166 563 2230 per
582 2147 702 2232 legatos
720 2167 794 2211 suos
812 2146 978 2230 mandarit
997 2146 1169 2211 senioribus

61 2255 217 2321 ecolenae
258 2255 482 2329 Traieotensis‚
527 2262 562 2318 ut
593 2254 722 2320 beatum
753 2253 952 2320 Fredericum
985 2253 1168 2338 episcopum

57 2364 304 2438 acclamarent,
329 2373 367 2427 et
398 2363 533 2427 electum
562 2362 605 2426 ad
625 2363 690 2427 cius
712 2363 863 2427 ducerent
883 2361 1061 2447 palatium,
1096 2382 1169 2428 nes·

54 2475 152 2539 ciens
181 2492 309 2536 omnem
340 2470 494 2555 populum
515 2470 652 2535 eundem
683 2471 746 2535 iam
767 2470 901 2556 elegisse.
943 2470 1033 2536 Tunc
1054 2470 1169 2537 Frede-

55 2584 150 2646 aious
171 2601 254 2646 cum
285 2577 460 2644 senioribus
489 2579 639 2644 ecclesiae
659 2579 863 2644 Traiectensis
883 2599 1013 2666 surgens
1032 2583 1167 2665 perrexit

55 2688 111 2755 ad
139 2709 253 2774 regern.
297 2687 358 2769 Qui
388 2686 475 2749 illum
505 2685 662 2750 accersitis
681 2684 836 2769 episcopis
856 2685 922 2749 aliis
942 2687 1013 2750 licet
1031 2689 1166 2754 invitum

56 2810 98 2866 et
136 2798 269 2862 multum
310 2795 495 2860 renitentem
536 2794 571 2858 in
611 2813 668 2856 sua
693 2791 878 2878 ,praesentia
908 2793 992 2856 iussit
1025 2794 1167 2860 ordinari

63 2907 262 2993 episcopum.
304 2903 377 2984 Quo
410 2910 538 2985 peracto
569 2901 742 2985 imperator
773 2900 892 2965 clerum
925 2909 957 2964 et
978 2919 1089 2966 omnes
1109 2903 1167 2988 qui

65 3015 199 3081 aderant
229 3011 352 3078 nobiles
381 3011 498 3095 pariter
518 3020 549 3074 et
569 3008 726 3095 ignobiles
746 3007 789 3073 ad
809 3028 900 3072 suurn
919 3008 1063 3075 invitavit
1084 3031 1166 3077 con·

64 3123 200 3199 virium,
232 3130 329 3207 atrpre
357 3127 488 3204 propter
518 3117 574 3181 viri
606 3118 660 3182 Dei
691 3137 831 3181 amorem
864 3116 947 3182 diem
977 3118 1065 3183 illum
1093 3142 1166 3186 cum

64 3251 186 3318 magna
216 3228 334 3297 laetitia
361 3224 557 3313 perducebat
587 3225 629 3290 ad
650 3245 822 3309 ¹vesperum.
864 3224 998 3292 Peracto
1020 3229 1167 3296 cenario

63 3365 120 3408 rex
140 3359 246 3406 secum
266 3340 392 3404 volvens
410 3335 446 3398 in
469 3333 597 3411 auimo,
621 3352 653 3397 se
673 3332 754 3398 forte
771 3342 903 3418 propter
922 3335 1063 3401 illicitum
1084 3358 1167 3402 con·
1269 3417 1274 3424 .

63 3449 196 3516 nubium
225 3447 260 3510 in
291 3444 398 3509 futuro
427 3462 521 3528 ¹posse
542 3462 561 3505 a
582 3440 677 3505 beato
698 3439 863 3506 Frederioo
884 3441 1046 3517 maledici.
1082 3444 1167 3510 iussit

63 3557 152 3625 illum
184 3554 326 3623 accersiri
358 3562 390 3617 et
422 3571 550 3628 coram,
590 3548 648 3636 qui
688 3547 839 3625 aderant,
870 3547 1024 3633 episcopis
1055 3549 1168 3617 talibus

65 3666 238 3751 alloquitur
259 3661 369 3728 dictis:
413 3659 511 3745 Elegit
529 3668 584 3734 te,
605 3653 784 3730 censesne,
808 3654 963 3719 Dominus
982 3654 1039 3722 sibi
1059 3657 1095 3723 in
1114 3679 1168 3726 sa.

64 3773 227 3842 cerdotem
256 3790 427 3859 magnum,
460 3767 537 3854 quia
571 3776 602 3833 te
634 3765 675 3831 ad
706 3763 770 3831 hoc
803 3783 883 3849 opus
913 3767 1063 3852 cognorit
1093 3768 1166 3835 ido·

65 3903 181 3958 neum,
213 3891 248 3945 ut
280 3890 336 3944 tua
365 3887 477 3944 sancta
508 3875 748 3960 praedicatione
777 3874 933 3959 populum
963 3884 1167 3959 peccatorem

62 3999 233 4060 consertas
263 3986 305 4052 ad
334 3984 518 4051 Dominum.
559 3984 610 4047 Est
642 3982 734 4068 igitur
762 3982 898 4066 populus
930 3991 1004 4048 tuae
1035 3982 1168 4050 diocesis

64 4100 224 4166 ininsula
246 4095 332 4160 dicta
354 4090 555 4166 walachras,
579 4091 699 4174 inqua
723 4088 817 4171 (proh
839 4086 946 4171 dolor)
968 4098 1003 4152 ut
1024 4089 1065 4155 ad
1082 4113 1167 4160 meas

64 4230 169 4295 nuper
189 4204 328 4292 pervenit
352 4222 463 4277 aures.
486 4220 568 4265 unus
588 4196 723 4284 quisque
744 4204 872 4280 neptem
894 4205 948 4261 aut
969 4198 1058 4283 quod
1079 4203 1167 4287 peius
