2950 5144
316 464 363 528 ac
764 467 986 534 Woarnar
1046 432 1048 436 ’

315 641 349 692 et
382 630 425 694 ad
455 630 708 713 praedicandum
740 632 870 698 verbam
900 636 954 699 llei
976 646 1119 701 strenuos
1138 648 1169 702 ct
1190 639 1350 714 idoneos,
1374 651 1426 704 ut·

318 748 395 824 pote
424 737 558 804 actione.
583 749 614 804 ct
643 739 821 806 eruditione
841 744 1031 826 praeclaros.
1075 745 1172 832 Elegit
1192 767 1268 832 ergo
1288 758 1320 812 et
1343 767 1426 812 con·

318 844 473 932 gregavit,
518 847 560 911 ad
592 868 759 911 numerum
789 847 830 914 xii
860 851 1105 934 Apostolorum,
1151 854 1191 916 xii
1223 856 1425 938 Apostolicot

319 955 402 1020 viros
433 954 467 1019 iu
498 953 564 1020 fido
596 963 779 1020 conitentes
811 977 850 1020 ex
883 957 1010 1022 diversis
1038 961 1233 1027 monasteriis
1266 962 1308 1026 ad
1330 985 1425 1048 prae·
1472 1021 1473 1024 ,

318 1063 494 1129 dicandum
527 1063 697 1129 Germanis·
718 1063 914 1130 Catholicem
945 1065 1054 1131 fidem.
1097 1069 1232 1134 Fuerunt
1265 1080 1373 1135 autern
1395 1073 1424 1136 bi

320 1171 422 1245 missi,
458 1168 698 1247 willibrordus,
732 1170 938 1249 switbertus,
960 1173 1089 1252 hecha,
1114 1177 1318 1262 wigbertus,
1344 1181 1425 1246 Wil-

320 1279 473 1353 libaldus,
505 1277 721 1355 Winibaldus,
743 1278 914 1356 Lebuious,
939 1282 1005 1345 duo
1027 1283 1157 1357 Eualdi,
1182 1285 1423 1364 Wercnlridus,

321 1387 521 1452 Marcellinus
560 1395 592 1450 et
629 1385 825 1452 Adclhertus.
880 1388 999 1454 Omnes
1039 1390 1172 1473 praelati
1202 1395 1367 1476 presbiteri
1395 1409 1423 1462 et

318 1493 497 1561 sacerdotes
527 1503 639 1568 erant,
674 1505 806 1578 excepto
827 1495 1014 1572 tdetherto,
1048 1499 1105 1582 qui
1124 1498 1182 1562 fuit
1202 1500 1306 1567 levita.
1351 1505 1423 1570 Erat

319 1611 427 1668 autem
447 1599 630 1666 hdelbertus
661 1602 717 1666 iste
737 1602 819 1666 filius
839 1605 919 1688 regis
939 1605 1117 1686 Deirorum;
1150 1608 1206 1692 qui
1226 1628 1287 1692 pro
1303 1609 1423 1678 Christo

320 1710 480 1776 dimittens
521 1709 625 1792 regale
663 1709 890 1792 patrimonium
932 1733 1007 1776 cum
1038 1715 1214 1798 praedictis
1254 1719 1374 1784 clectus
1406 1743 1423 1786 a

320 1828 435 1884 sancto
464 1815 621 1900 Egberto,
655 1836 764 1880 amore
784 1815 894 1883 Christi
915 1825 1116 1905 peregrinum
1136 1825 1267 1891 intravit
1288 1829 1423 1895 exilium.

321 1928 360 1992 Et
391 1944 491 2010 quum
524 1921 555 1984 hi
584 1923 688 1986 sancti
719 1922 866 1988 doctores
896 1929 1062 2012 propagati
1092 1927 1220 1995 fuerunt
1252 1933 1287 1996 in
1308 1937 1424 2024 Anglia

324 2033 364 2097 de
395 2031 490 2113 stirpe
518 2027 679 2092 Frisonica
711 2039 741 2094 et
772 2030 950 2106 Saxonica,
985 2034 1059 2098 ideo
1079 2039 1312 2106 convenienter
1332 2064 1424 2128 prae·

322 2139 430 2206 dicare
452 2141 631 2218 'potuerunt
659 2135 717 2198 illis
747 2139 942 2223 evangelium
974 2141 1083 2206 Christi
1112 2145 1148 2208 in
1167 2145 1273 2232 lingua
1295 2150 1424 2218 Germa.

322 2249 405 2314 nica.
459 2244 602 2325 Quorum
639 2245 735 2327 aliqui
776 2267 815 2309 ex
847 2245 894 2310 bis
922 2250 1126 2331 postmodum
1156 2257 1263 2338 palma
1296 2261 1424 2324 martirii

322 2353 473 2420 coronati
501 2361 595 2426 mot,
631 2350 683 2412 alii
715 2352 1001 2434 praedicationibus
1022 2360 1184 2426 continuis
1204 2364 1288 2429 iuter
1308 2367 1423 2434 barba·

322 2481 439 2546 rosque
478 2479 579 2544 usque
619 2457 662 2521 ad
703 2456 826 2522 obitum
857 2461 1047 2534 institerunt,
1100 2468 1199 2553 Igitur
1229 2478 1424 2558 praeparatis
1472 2539 1473 2542 ,

323 2567 491 2643 omnibus,
536 2585 620 2650 qttae
664 2566 758 2629 tantis
789 2567 861 2632 viris
891 2573 1068 2638 necessaria
1100 2575 1308 2657 ridebantur,
1351 2606 1423 2650 mox

324 2675 458 2763 praefati
499 2673 541 2738 xii
584 2673 696 2758 egregii
727 2673 806 2749 viri,
850 2677 988 2741 salutatis
1020 2682 1128 2748 amicis
1158 2695 1190 2749 et
1221 2690 1421 2771 parentibus,

323 2794 521 2869 acceptaque
551 2780 777 2846 bencdictione
809 2786 922 2869 egregii
956 2787 1182 2878 archiepiscopi
1213 2795 1339 2879 Egberti
1372 2823 1424 2865 su·

322 2891 479 2980 pradicti,
514 2907 665 2971 prospero
687 2898 780 2952 vento
802 2891 942 2956 celeriter
961 2894 996 2957 in
1018 2897 1245 2967 Wiltembercb
1264 2904 1327 2969 sire
1347 2906 1424 2972 Tra·

322 3001 438 3063 iectum
471 2993 689 3070 advehuntur,
723 3017 814 3060 auno
845 2999 961 3066 scilicet
982 3003 1025 3069 ab
1044 3006 1270 3076 incarnatione
1300 3013 1424 3080 Domini

323 3105 439 3180 visre,
474 3101 683 3187 pontificante
715 3103 839 3169 Romae
871 3110 1047 3192 apostolico
1079 3115 1146 3182 rim
1177 3117 1285 3205 Sergio
1313 3141 1420 3206 papa,

322 3231 415 3278 anno
449 3231 506 3274 suo
537 3210 591 3286 iii,
631 3210 809 3296 imperante
841 3214 977 3298 piissimo
1010 3220 1201 3305 imperatore
1232 3229 1419 3297 Iustiniano.

323 3320 386 3402 Qui
407 3339 480 3384 oum
500 3317 554 3380 illo
575 3317 789 3397 advenissent,
813 3323 1045 3392 ordinaverunt
1064 3340 1095 3392 et
1115 3331 1320 3401 instituenmt
1340 3339 1421 3405 inter

319 3449 353 3493 ee
374 3426 509 3492 eandem
530 3427 824 3505 conversationem,
858 3454 941 3516 quae
971 3440 1005 3498 in
1027 3438 1118 3504 initio
1138 3446 1299 3510 nascentis
1319 3450 1420 3514 eccle·

318 3537 383 3602 siae
403 3535 460 3598 t'uit
482 3535 631 3618 apostolis
652 3555 691 3600 ac
712 3535 870 3622 discipulis
889 3539 1016 3621 Christi,
1047 3556 1083 3610 ut
1111 3561 1214 3616 essent
1233 3553 1292 3619 illis
1311 3559 1421 3623 omnia

318 3643 514 3710 communia.
568 3643 730 3708 intrantes
769 3666 845 3729 ergo
876 3648 1053 3716 Traiectum
1085 3667 1115 3720 et
1148 3659 1325 3728 citeriorem
1353 3665 1419 3730 ttri-

245 3739 252 3764 ⁸
317 3749 417 3824 dam,
449 3746 567 3832 ubique
599 3760 783 3814 constanter
803 3752 956 3820 Christum
977 3761 1253 3846 evangelizabant,
1287 3773 1342 3838 sed
1362 3794 1419 3860 pa·

317 3878 390 3922 mm
417 3855 521 3940 primo
552 3857 775 3941 proiecerunt,
809 3881 849 3926 eo
879 3864 968 3948 quod
990 3867 1132 3936 Frisones
1152 3886 1256 3940 essent
1277 3878 1419 3948 homines

250 3974 252 3978 '
317 3961 525 4032 indomabiles
545 3974 575 4028 et
605 3965 704 4031 durae
733 3969 880 4047 cervicis,
913 3975 1012 4060 magis
1032 3978 1144 4056 idolis,
1177 4007 1276 4070 quam
1298 3989 1419 4058 Christo

314 4074 429 4141 servire
459 4073 654 4158 gaudentes,
687 4085 718 4140 ct
749 4097 820 4142 non
841 4080 941 4144 solum
962 4099 1148 4172 arroganter
1168 4096 1419 4177 aspernabantur

314 4199 372 4244 eos
400 4188 432 4242 ct
451 4179 549 4264 legem
571 4180 702 4256 Christi,
735 4183 791 4250 sed
812 4185 939 4271 insuper
959 4193 1060 4257 atroci
1081 4207 1183 4264 morte
1204 4201 1288 4284 ipsos
1302 4212 1417 4295 oppri-
1472 4203 1473 4212 ’
