<?xml version="1.0" encoding="UTF-8"?>
<!DOCTYPE html PUBLIC "-//W3C//DTD XHTML 1.0 Transitional//EN"
    "http://www.w3.org/TR/xhtml1/DTD/xhtml1-transitional.dtd">
<html xmlns="http://www.w3.org/1999/xhtml" xml:lang="en" lang="en">
 <head>
  <title>
</title>
<meta http-equiv="Content-Type" content="text/html;charset=utf-8" />
  <meta name='ocr-system' content='tesseract 3.04.00' />
  <meta name='ocr-capabilities' content='ocr_page ocr_carea ocr_par ocr_line ocrx_word'/>
</head>
<body>
  <div class='ocr_page' id='page_1' title='image "./worperityaerdae00worpgoog_0110.png"; bbox 0 0 2928 5148; ppageno 0'>
   <div class='ocr_carea' id='block_1_1' title="bbox 296 437 998 572">
    <p class='ocr_par' dir='ltr' id='par_1_1' title="bbox 296 437 1460 662">
     <span class='ocr_line' id='line_1_1' title="bbox 296 437 998 572; baseline -0.002 -1"><span class='ocrx_word' id='word_1_1' title='bbox 296 507 339 571; x_wconf 81' lang='lat' dir='ltr'><strong>oa</strong></span> <span class='ocrx_word' id='word_1_2' title='bbox 756 437 998 572; x_wconf 73' lang='lat' dir='ltr'><strong>Woarnnr</strong></span> 
     </span>
    </p>
   </div>
   <div class='ocr_carea' id='block_1_2' title="bbox 290 669 1460 1517">
    <p class='ocr_par' dir='ltr' id='par_1_2' title="bbox 290 669 1460 1517">
     <span class='ocr_line' id='line_1_2' title="bbox 296 669 1460 794; baseline 0.003 -57"><span class='ocrx_word' id='word_1_3' title='bbox 296 675 370 738; x_wconf 86' lang='lat' dir='ltr'><strong>Erat</strong></span> <span class='ocrx_word' id='word_1_4' title='bbox 401 672 481 736; x_wconf 86' lang='lat' dir='ltr'><strong>enim</strong></span> <span class='ocrx_word' id='word_1_5' title='bbox 515 687 602 735; x_wconf 81' lang='lat' dir='ltr'><strong>verus</strong></span> <span class='ocrx_word' id='word_1_6' title='bbox 632 669 814 752; x_wconf 77' lang='lat' dir='ltr'><strong>israhelita,</strong></span> <span class='ocrx_word' id='word_1_7' title='bbox 845 675 880 738; x_wconf 90' lang='lat' dir='ltr'><strong>in</strong></span> <span class='ocrx_word' id='word_1_8' title='bbox 914 675 1002 740; x_wconf 85' lang='lat' dir='ltr'><strong>cuius</strong></span> <span class='ocrx_word' id='word_1_9' title='bbox 1022 673 1131 758; x_wconf 86' lang='lat' dir='ltr'><strong>spiritu</strong></span> <span class='ocrx_word' id='word_1_10' title='bbox 1152 674 1256 738; x_wconf 84' lang='lat' dir='ltr'><strong>nullus</strong></span> <span class='ocrx_word' id='word_1_11' title='bbox 1276 675 1392 740; x_wconf 84' lang='lat' dir='ltr'><strong>nutrie-</strong></span> <span class='ocrx_word' id='word_1_12' title='bbox 1458 731 1460 794; x_wconf 49' lang='lat'>4</span> 
     </span>
     <span class='ocr_line' id='line_1_3' title="bbox 295 778 1391 859; baseline -0.001 -13"><span class='ocrx_word' id='word_1_13' title='bbox 295 781 388 846; x_wconf 88' lang='lat' dir='ltr'><strong>batur</strong></span> <span class='ocrx_word' id='word_1_14' title='bbox 418 778 525 858; x_wconf 79' lang='lat' dir='ltr'><strong>dolus3</strong></span> <span class='ocrx_word' id='word_1_15' title='bbox 561 781 722 844; x_wconf 82' lang='lat' dir='ltr'><strong>neminem</strong></span> <span class='ocrx_word' id='word_1_16' title='bbox 753 781 918 858; x_wconf 84' lang='lat' dir='ltr'><strong>laedebat,</strong></span> <span class='ocrx_word' id='word_1_17' title='bbox 962 782 1122 847; x_wconf 88' lang='lat' dir='ltr'><strong>neminem</strong></span> <span class='ocrx_word' id='word_1_18' title='bbox 1161 782 1391 859; x_wconf 76' lang='lat' dir='ltr'><strong>defraudabat,</strong></span> 
     </span>
     <span class='ocr_line' id='line_1_4' title="bbox 293 886 1394 972; baseline 0.001 -20"><span class='ocrx_word' id='word_1_19' title='bbox 293 887 408 952; x_wconf 85' lang='lat' dir='ltr'><strong>nemini</strong></span> <span class='ocrx_word' id='word_1_20' title='bbox 439 887 530 972; x_wconf 86' lang='lat' dir='ltr'><strong>quod</strong></span> <span class='ocrx_word' id='word_1_21' title='bbox 559 886 618 951; x_wconf 80' lang='lat' dir='ltr'><strong>ribi</strong></span> <span class='ocrx_word' id='word_1_22' title='bbox 647 887 715 952; x_wconf 86' lang='lat' dir='ltr'><strong>fieri</strong></span> <span class='ocrx_word' id='word_1_23' title='bbox 748 891 850 953; x_wconf 83' lang='lat' dir='ltr'><strong>noluit</strong></span> <span class='ocrx_word' id='word_1_24' title='bbox 872 891 955 956; x_wconf 81' lang='lat' dir='ltr'><strong>fecit.</strong></span> <span class='ocrx_word' id='word_1_25' title='bbox 998 888 1123 954; x_wconf 89' lang='lat' dir='ltr'><strong>Idcirco</strong></span> <span class='ocrx_word' id='word_1_26' title='bbox 1144 891 1293 954; x_wconf 85' lang='lat' dir='ltr'><strong>dominns</strong></span> <span class='ocrx_word' id='word_1_27' title='bbox 1314 889 1394 954; x_wconf 86' lang='lat' dir='ltr'><strong>Rix-</strong></span> 
     </span>
     <span class='ocr_line' id='line_1_5' title="bbox 292 994 1460 1082; baseline 0.002 -22"><span class='ocrx_word' id='word_1_28' title='bbox 292 995 392 1060; x_wconf 80' lang='lat' dir='ltr'><strong>fridus</strong></span> <span class='ocrx_word' id='word_1_29' title='bbox 421 1016 495 1060; x_wconf 87' lang='lat' dir='ltr'><strong>cum</strong></span> <span class='ocrx_word' id='word_1_30' title='bbox 525 994 636 1059; x_wconf 85' lang='lat' dir='ltr'><strong>talibus</strong></span> <span class='ocrx_word' id='word_1_31' title='bbox 668 1013 740 1058; x_wconf 85' lang='lat' dir='ltr'><strong>eum</strong></span> <span class='ocrx_word' id='word_1_32' title='bbox 772 997 891 1082; x_wconf 77' lang='lat' dir='ltr'><strong>fulgere</strong></span> <span class='ocrx_word' id='word_1_33' title='bbox 923 997 1094 1063; x_wconf 80' lang='lat' dir='ltr'><strong>virtutibus·</strong></span> <span class='ocrx_word' id='word_1_34' title='bbox 1118 998 1254 1074; x_wconf 83' lang='lat' dir='ltr'><strong>videret,</strong></span> <span class='ocrx_word' id='word_1_35' title='bbox 1290 996 1395 1062; x_wconf 88' lang='lat' dir='ltr'><strong>nimio</strong></span> <span class='ocrx_word' id='word_1_36' title='bbox 1459 1029 1460 1080; x_wconf 52' lang='lat' dir='ltr'><strong>i</strong></span> 
     </span>
     <span class='ocr_line' id='line_1_6' title="bbox 293 1100 1391 1191; baseline 0 -21"><span class='ocrx_word' id='word_1_37' title='bbox 293 1105 426 1191; x_wconf 76' lang='lat' dir='ltr'><strong>repletos</strong></span> <span class='ocrx_word' id='word_1_38' title='bbox 445 1101 581 1187; x_wconf 83' lang='lat' dir='ltr'><strong>gaudio,</strong></span> <span class='ocrx_word' id='word_1_39' title='bbox 604 1100 694 1186; x_wconf 91' lang='lat' dir='ltr'><strong>quod</strong></span> <span class='ocrx_word' id='word_1_40' title='bbox 715 1103 809 1166; x_wconf 84' lang='lat' dir='ltr'><strong>talem</strong></span> <span class='ocrx_word' id='word_1_41' title='bbox 830 1114 1000 1169; x_wconf 83' lang='lat' dir='ltr'><strong>mereretur</strong></span> <span class='ocrx_word' id='word_1_42' title='bbox 1020 1105 1135 1170; x_wconf 87' lang='lat' dir='ltr'><strong>habere</strong></span> <span class='ocrx_word' id='word_1_43' title='bbox 1154 1125 1391 1181; x_wconf 79' lang='lat' dir='ltr'><strong>successorem,</strong></span> 
     </span>
     <span class='ocr_line' id='line_1_7' title="bbox 291 1203 1460 1299; baseline -0.001 -23"><span class='ocrx_word' id='word_1_44' title='bbox 291 1213 392 1299; x_wconf 77' lang='lat' dir='ltr'><strong>ipsum</strong></span> <span class='ocrx_word' id='word_1_45' title='bbox 431 1211 502 1275; x_wconf 86' lang='lat' dir='ltr'><strong>licet</strong></span> <span class='ocrx_word' id='word_1_46' title='bbox 540 1209 673 1274; x_wconf 79' lang='lat' dir='ltr'><strong>inritum</strong></span> <span class='ocrx_word' id='word_1_47' title='bbox 706 1209 865 1276; x_wconf 87' lang='lat' dir='ltr'><strong>ordinavit</strong></span> <span class='ocrx_word' id='word_1_48' title='bbox 894 1211 1119 1298; x_wconf 73' lang='lat' dir='ltr'><strong>presbyterum.</strong></span> <span class='ocrx_word' id='word_1_49' title='bbox 1174 1211 1298 1276; x_wconf 83' lang='lat' dir='ltr'><strong>Nomen</strong></span> <span class='ocrx_word' id='word_1_50' title='bbox 1332 1234 1398 1275; x_wconf 84' lang='lat' dir='ltr'><strong>au·</strong></span> <span class='ocrx_word' id='word_1_51' title='bbox 1459 1203 1460 1240; x_wconf 39' lang='lat' dir='ltr'><strong>i</strong></span> 
     </span>
     <span class='ocr_line' id='line_1_8' title="bbox 291 1316 1460 1404; baseline -0.002 -19"><span class='ocrx_word' id='word_1_52' title='bbox 291 1331 356 1385; x_wconf 89' lang='lat' dir='ltr'><strong>tem</strong></span> <span class='ocrx_word' id='word_1_53' title='bbox 398 1320 463 1385; x_wconf 84' lang='lat' dir='ltr'><strong>ciue</strong></span> <span class='ocrx_word' id='word_1_54' title='bbox 493 1326 624 1404; x_wconf 85' lang='lat' dir='ltr'><strong>propter</strong></span> <span class='ocrx_word' id='word_1_55' title='bbox 656 1316 739 1382; x_wconf 85' lang='lat' dir='ltr'><strong>vitae</strong></span> <span class='ocrx_word' id='word_1_56' title='bbox 770 1319 1013 1384; x_wconf 78' lang='lat' dir='ltr'><strong>sanctimoniam</strong></span> <span class='ocrx_word' id='word_1_57' title='bbox 1043 1339 1099 1403; x_wconf 87' lang='lat' dir='ltr'><strong>per</strong></span> <span class='ocrx_word' id='word_1_58' title='bbox 1131 1319 1305 1384; x_wconf 83' lang='lat' dir='ltr'><strong>universam</strong></span> <span class='ocrx_word' id='word_1_59' title='bbox 1336 1340 1396 1383; x_wconf 91' lang='lat' dir='ltr'><strong>ce·</strong></span> <span class='ocrx_word' id='word_1_60' title='bbox 1459 1337 1460 1342; x_wconf 72' lang='grc'>’</span> 
     </span>
     <span class='ocr_line' id='line_1_9' title="bbox 290 1425 1399 1517; baseline -0.001 -26"><span class='ocrx_word' id='word_1_61' title='bbox 290 1426 376 1493; x_wconf 85' lang='lat' dir='ltr'><strong>lebre</strong></span> <span class='ocrx_word' id='word_1_62' title='bbox 407 1428 525 1492; x_wconf 84' lang='lat' dir='ltr'><strong>sactum</strong></span> <span class='ocrx_word' id='word_1_63' title='bbox 556 1434 602 1490; x_wconf 84' lang='lat' dir='ltr'><strong>est</strong></span> <span class='ocrx_word' id='word_1_64' title='bbox 631 1433 769 1501; x_wconf 84' lang='lat' dir='ltr'><strong>terram,</strong></span> <span class='ocrx_word' id='word_1_65' title='bbox 814 1427 858 1491; x_wconf 89' lang='lat' dir='ltr'><strong>ita</strong></span> <span class='ocrx_word' id='word_1_66' title='bbox 892 1437 926 1491; x_wconf 86' lang='lat' dir='ltr'><strong>ut</strong></span> <span class='ocrx_word' id='word_1_67' title='bbox 958 1427 1052 1492; x_wconf 84' lang='lat' dir='ltr'><strong>etiam</strong></span> <span class='ocrx_word' id='word_1_68' title='bbox 1085 1427 1185 1512; x_wconf 78' lang='lat' dir='ltr'><strong>regias</strong></span> <span class='ocrx_word' id='word_1_69' title='bbox 1214 1425 1399 1517; x_wconf 79' lang='lat' dir='ltr'><strong>verberaret</strong></span> 
     </span>
    </p>
   </div>
   <div class='ocr_carea' id='block_1_3' title="bbox 292 1556 392 1600">
    <p class='ocr_par' dir='ltr' id='par_1_3' title="bbox 292 1556 392 1600">
     <span class='ocr_line' id='line_1_10' title="bbox 292 1556 392 1600; baseline 0 0"><span class='ocrx_word' id='word_1_70' title='bbox 292 1556 392 1600; x_wconf 68' lang='lat' dir='ltr'><strong>duret.</strong></span> 
     </span>
    </p>
   </div>
   <div class='ocr_carea' id='block_1_4' title="bbox 288 1984 1398 2152">
    <p class='ocr_par' dir='ltr' id='par_1_4' title="bbox 288 1984 1398 2152">
     <span class='ocr_line' id='line_1_11' title="bbox 288 1984 1398 2060; baseline 0.002 -16"><span class='ocrx_word' id='word_1_71' title='bbox 288 1987 346 2044; x_wconf 81' lang='lat' dir='ltr'><strong>Ite</strong></span> <span class='ocrx_word' id='word_1_72' title='bbox 372 1984 560 2044; x_wconf 72' lang='lat' dir='ltr'><strong>Ludovlol</strong></span> <span class='ocrx_word' id='word_1_73' title='bbox 580 1985 771 2043; x_wconf 70' lang='lat' dir='ltr'><strong>honorae</strong></span> <span class='ocrx_word' id='word_1_74' title='bbox 792 1987 898 2058; x_wconf 66' lang='lat' dir='ltr'><strong>recle</strong></span> <span class='ocrx_word' id='word_1_75' title='bbox 922 2001 970 2046; x_wconf 80' lang='lat' dir='ltr'><strong>oc</strong></span> <span class='ocrx_word' id='word_1_76' title='bbox 988 1989 1248 2048; x_wconf 72' lang='lat' dir='ltr'><strong>Romanorum</strong></span> <span class='ocrx_word' id='word_1_77' title='bbox 1264 1989 1398 2060; x_wconf 75' lang='lat' dir='ltr'><strong>impe-</strong></span> 
     </span>
     <span class='ocr_line' id='line_1_12' title="bbox 353 2076 1313 2152; baseline -0.001 -14"><span class='ocrx_word' id='word_1_78' title='bbox 353 2080 498 2138; x_wconf 78' lang='lat' dir='ltr'><strong>ratorls</strong></span> <span class='ocrx_word' id='word_1_79' title='bbox 508 2114 521 2148; x_wconf 91' lang='lat'>‚</span> <span class='ocrx_word' id='word_1_80' title='bbox 539 2077 614 2135; x_wconf 87' lang='grc'><strong>11111</strong></span> <span class='ocrx_word' id='word_1_81' title='bbox 636 2076 769 2136; x_wconf 69' lang='lat' dir='ltr'><strong>caroli</strong></span> <span class='ocrx_word' id='word_1_82' title='bbox 785 2080 916 2149; x_wconf 69' lang='lat' dir='ltr'><strong>magni</strong></span> <span class='ocrx_word' id='word_1_83' title='bbox 926 2115 939 2149; x_wconf 91' lang='lat'>‚</span> <span class='ocrx_word' id='word_1_84' title='bbox 956 2082 1101 2141; x_wconf 74' lang='lat' dir='ltr'><strong>illicito</strong></span> <span class='ocrx_word' id='word_1_85' title='bbox 1119 2083 1313 2152; x_wconf 61' lang='lat' dir='ltr'><strong>contusio.</strong></span> 
     </span>
    </p>
   </div>
   <div class='ocr_carea' id='block_1_5' title="bbox 719 2280 940 2350">
    <p class='ocr_par' dir='ltr' id='par_1_5' title="bbox 719 2280 940 2350">
     <span class='ocr_line' id='line_1_13' title="bbox 719 2280 940 2350; baseline 0.027 -8"><span class='ocrx_word' id='word_1_86' title='bbox 719 2280 808 2346; x_wconf 81' lang='lat' dir='ltr'><strong>cAP.</strong></span> <span class='ocrx_word' id='word_1_87' title='bbox 829 2282 940 2350; x_wconf 73' lang='lat' dir='ltr'><strong>xxix,</strong></span> 
     </span>
    </p>
   </div>
   <div class='ocr_carea' id='block_1_6' title="bbox 275 2490 1394 4067">
    <p class='ocr_par' dir='ltr' id='par_1_6' title="bbox 275 2490 1394 4067">
     <span class='ocr_line' id='line_1_14' title="bbox 325 2490 1394 2584; baseline 0.002 -24"><span class='ocrx_word' id='word_1_88' title='bbox 325 2501 424 2560; x_wconf 86' lang='lat' dir='ltr'><strong>Anno</strong></span> <span class='ocrx_word' id='word_1_89' title='bbox 456 2490 582 2556; x_wconf 85' lang='lat' dir='ltr'><strong>Domini</strong></span> <span class='ocrx_word' id='word_1_90' title='bbox 603 2490 710 2560; x_wconf 78' lang='lat' dir='ltr'><strong>viiicxv</strong></span> <span class='ocrx_word' id='word_1_91' title='bbox 729 2492 783 2558; x_wconf 87' lang='lat' dir='ltr'><strong>die</strong></span> <span class='ocrx_word' id='word_1_92' title='bbox 801 2495 894 2561; x_wconf 84' lang='lat' dir='ltr'><strong>xxviii</strong></span> <span class='ocrx_word' id='word_1_93' title='bbox 924 2496 1065 2560; x_wconf 75' lang='lat' dir='ltr'><strong>tannarii</strong></span> <span class='ocrx_word' id='word_1_94' title='bbox 1097 2495 1177 2560; x_wconf 90' lang='lat' dir='ltr'><strong>obiit</strong></span> <span class='ocrx_word' id='word_1_95' title='bbox 1197 2495 1394 2584; x_wconf 65' lang='lat' dir='ltr'><strong>aquasgrani</strong></span> 
     </span>
     <span class='ocr_line' id='line_1_15' title="bbox 286 2602 1394 2687; baseline 0 -16"><span class='ocrx_word' id='word_1_96' title='bbox 286 2604 416 2674; x_wconf 85' lang='lat' dir='ltr'><strong>Carolus</strong></span> <span class='ocrx_word' id='word_1_97' title='bbox 444 2620 580 2687; x_wconf 84' lang='lat' dir='ltr'><strong>magnus</strong></span> <span class='ocrx_word' id='word_1_98' title='bbox 611 2602 809 2667; x_wconf 75' lang='lat' dir='ltr'><strong>Francorum</strong></span> <span class='ocrx_word' id='word_1_99' title='bbox 830 2624 885 2668; x_wconf 86' lang='lat' dir='ltr'><strong>rex</strong></span> <span class='ocrx_word' id='word_1_100' title='bbox 905 2613 936 2667; x_wconf 89' lang='lat' dir='ltr'><strong>et</strong></span> <span class='ocrx_word' id='word_1_101' title='bbox 958 2603 1182 2668; x_wconf 82' lang='lat' dir='ltr'><strong>Romanorum</strong></span> <span class='ocrx_word' id='word_1_102' title='bbox 1202 2602 1394 2687; x_wconf 40' lang='lat' dir='ltr'><strong>imperatori</strong></span> 
     </span>
     <span class='ocr_line' id='line_1_16' title="bbox 283 2708 1389 2798; baseline 0.001 -22"><span class='ocrx_word' id='word_1_103' title='bbox 283 2715 341 2784; x_wconf 81' lang='lat' dir='ltr'><strong>Cui</strong></span> <span class='ocrx_word' id='word_1_104' title='bbox 371 2713 406 2776; x_wconf 93' lang='lat' dir='ltr'><strong>in</strong></span> <span class='ocrx_word' id='word_1_105' title='bbox 439 2728 534 2792; x_wconf 75' lang='lat' dir='ltr'><strong>regno</strong></span> <span class='ocrx_word' id='word_1_106' title='bbox 566 2718 597 2774; x_wconf 90' lang='lat' dir='ltr'><strong>et</strong></span> <span class='ocrx_word' id='word_1_107' title='bbox 630 2708 761 2794; x_wconf 87' lang='lat' dir='ltr'><strong>imperio</strong></span> <span class='ocrx_word' id='word_1_108' title='bbox 793 2711 937 2776; x_wconf 77' lang='lat' dir='ltr'><strong>successit</strong></span> <span class='ocrx_word' id='word_1_109' title='bbox 957 2709 1039 2774; x_wconf 87' lang='lat' dir='ltr'><strong>filius</strong></span> <span class='ocrx_word' id='word_1_110' title='bbox 1060 2709 1239 2775; x_wconf 83' lang='lat' dir='ltr'><strong>Ludovicus</strong></span> <span class='ocrx_word' id='word_1_111' title='bbox 1259 2731 1389 2798; x_wconf 78' lang='lat' dir='ltr'><strong>cogno-</strong></span> 
     </span>
     <span class='ocr_line' id='line_1_17' title="bbox 283 2816 1389 2904; baseline -0.003 -17"><span class='ocrx_word' id='word_1_112' title='bbox 283 2830 396 2887; x_wconf 88' lang='lat' dir='ltr'><strong>mento</strong></span> <span class='ocrx_word' id='word_1_113' title='bbox 435 2819 514 2902; x_wconf 84' lang='lat' dir='ltr'><strong>pius.</strong></span> <span class='ocrx_word' id='word_1_114' title='bbox 569 2816 662 2883; x_wconf 84' lang='lat' dir='ltr'><strong>Cuius</strong></span> <span class='ocrx_word' id='word_1_115' title='bbox 693 2819 795 2900; x_wconf 87' lang='lat' dir='ltr'><strong>prima</strong></span> <span class='ocrx_word' id='word_1_116' title='bbox 829 2839 910 2882; x_wconf 88' lang='lat' dir='ltr'><strong>uxor</strong></span> <span class='ocrx_word' id='word_1_117' title='bbox 941 2817 1028 2883; x_wconf 88' lang='lat' dir='ltr'><strong>dicta</strong></span> <span class='ocrx_word' id='word_1_118' title='bbox 1060 2817 1231 2903; x_wconf 82' lang='lat' dir='ltr'><strong>Ermgarda</strong></span> <span class='ocrx_word' id='word_1_119' title='bbox 1262 2821 1389 2904; x_wconf 86' lang='lat' dir='ltr'><strong>peperit</strong></span> 
     </span>
     <span class='ocr_line' id='line_1_18' title="bbox 284 2920 1388 2995; baseline -0.002 -1"><span class='ocrx_word' id='word_1_120' title='bbox 284 2931 365 2995; x_wconf 83' lang='lat' dir='ltr'><strong>dnos</strong></span> <span class='ocrx_word' id='word_1_121' title='bbox 395 2925 476 2989; x_wconf 75' lang='lat' dir='ltr'><strong>filios</strong></span> <span class='ocrx_word' id='word_1_122' title='bbox 505 2920 689 2985; x_wconf 83' lang='lat' dir='ltr'><strong>Letharium</strong></span> <span class='ocrx_word' id='word_1_123' title='bbox 720 2932 751 2985; x_wconf 85' lang='lat' dir='ltr'><strong>et</strong></span> <span class='ocrx_word' id='word_1_124' title='bbox 772 2923 978 2989; x_wconf 83' lang='lat' dir='ltr'><strong>Ludovicum.</strong></span> <span class='ocrx_word' id='word_1_125' title='bbox 1024 2925 1099 2988; x_wconf 88' lang='lat' dir='ltr'><strong>Post</strong></span> <span class='ocrx_word' id='word_1_126' title='bbox 1120 2935 1253 2990; x_wconf 83' lang='lat' dir='ltr'><strong>mortem</strong></span> <span class='ocrx_word' id='word_1_127' title='bbox 1275 2936 1388 2992; x_wconf 85' lang='lat' dir='ltr'><strong>autem</strong></span> 
     </span>
     <span class='ocr_line' id='line_1_19' title="bbox 281 3023 1383 3117; baseline 0.006 -22"><span class='ocrx_word' id='word_1_128' title='bbox 281 3030 473 3115; x_wconf 79' lang='lat' dir='ltr'><strong>Ermgardae</strong></span> <span class='ocrx_word' id='word_1_129' title='bbox 510 3023 724 3116; x_wconf 76' lang='lat' dir='ltr'><strong>praescriptae</strong></span> <span class='ocrx_word' id='word_1_130' title='bbox 765 3032 943 3099; x_wconf 79' lang='lat' dir='ltr'><strong>Ludovioua</strong></span> <span class='ocrx_word' id='word_1_131' title='bbox 985 3034 1079 3098; x_wconf 83' lang='lat' dir='ltr'><strong>aliam</strong></span> <span class='ocrx_word' id='word_1_132' title='bbox 1110 3035 1198 3117; x_wconf 84' lang='lat' dir='ltr'><strong>duxit</strong></span> <span class='ocrx_word' id='word_1_133' title='bbox 1229 3057 1383 3112; x_wconf 85' lang='lat' dir='ltr'><strong>uxorem,</strong></span> 
     </span>
     <span class='ocr_line' id='line_1_20' title="bbox 275 3136 1388 3228; baseline 0.004 -23"><span class='ocrx_word' id='word_1_134' title='bbox 275 3141 378 3228; x_wconf 35' lang='lat' dir='ltr'><strong>,filiam</strong></span> <span class='ocrx_word' id='word_1_135' title='bbox 408 3136 552 3203; x_wconf 79' lang='lat' dir='ltr'><strong>videlicet</strong></span> <span class='ocrx_word' id='word_1_136' title='bbox 573 3138 763 3223; x_wconf 78' lang='lat' dir='ltr'><strong>welphonis</strong></span> <span class='ocrx_word' id='word_1_137' title='bbox 795 3140 883 3205; x_wconf 84' lang='lat' dir='ltr'><strong>ducis</strong></span> <span class='ocrx_word' id='word_1_138' title='bbox 904 3140 1074 3218; x_wconf 78' lang='lat' dir='ltr'><strong>Bar-variae,</strong></span> <span class='ocrx_word' id='word_1_139' title='bbox 1097 3142 1204 3206; x_wconf 88' lang='lat' dir='ltr'><strong>Iudith</strong></span> <span class='ocrx_word' id='word_1_140' title='bbox 1224 3144 1388 3222; x_wconf 52' lang='lat' dir='ltr'><strong>nomines</strong></span> 
     </span>
     <span class='ocr_line' id='line_1_21' title="bbox 280 3246 1384 3334; baseline 0.006 -23"><span class='ocrx_word' id='word_1_141' title='bbox 280 3264 364 3334; x_wconf 88' lang='lat' dir='ltr'><strong>quae</strong></span> <span class='ocrx_word' id='word_1_142' title='bbox 394 3246 497 3330; x_wconf 82' lang='lat' dir='ltr'><strong>neptis</strong></span> <span class='ocrx_word' id='word_1_143' title='bbox 527 3255 594 3310; x_wconf 84' lang='lat' dir='ltr'><strong>erat</strong></span> <span class='ocrx_word' id='word_1_144' title='bbox 624 3246 683 3330; x_wconf 86' lang='lat' dir='ltr'><strong>ipsi</strong></span> <span class='ocrx_word' id='word_1_145' title='bbox 715 3247 895 3324; x_wconf 81' lang='lat' dir='ltr'><strong>Ludovico,</strong></span> <span class='ocrx_word' id='word_1_146' title='bbox 932 3249 1106 3314; x_wconf 86' lang='lat' dir='ltr'><strong>etidcirco</strong></span> <span class='ocrx_word' id='word_1_147' title='bbox 1127 3249 1269 3315; x_wconf 89' lang='lat' dir='ltr'><strong>illicitum</strong></span> <span class='ocrx_word' id='word_1_148' title='bbox 1290 3252 1384 3318; x_wconf 79' lang='lat' dir='ltr'><strong>nefa·</strong></span> 
     </span>
     <span class='ocr_line' id='line_1_22' title="bbox 279 3351 1383 3441; baseline 0.005 -21"><span class='ocrx_word' id='word_1_149' title='bbox 279 3359 425 3441; x_wconf 87' lang='lat' dir='ltr'><strong>riumque</strong></span> <span class='ocrx_word' id='word_1_150' title='bbox 465 3351 507 3416; x_wconf 87' lang='lat' dir='ltr'><strong>ab</strong></span> <span class='ocrx_word' id='word_1_151' title='bbox 548 3352 697 3417; x_wconf 83' lang='lat' dir='ltr'><strong>omnibus</strong></span> <span class='ocrx_word' id='word_1_152' title='bbox 728 3355 848 3420; x_wconf 86' lang='lat' dir='ltr'><strong>Galliae</strong></span> <span class='ocrx_word' id='word_1_153' title='bbox 879 3356 1033 3440; x_wconf 84' lang='lat' dir='ltr'><strong>episcopis</strong></span> <span class='ocrx_word' id='word_1_154' title='bbox 1062 3359 1306 3439; x_wconf 85' lang='lat' dir='ltr'><strong>pronuntiatum</strong></span> <span class='ocrx_word' id='word_1_155' title='bbox 1335 3371 1383 3426; x_wconf 80' lang='lat' dir='ltr'><strong>est</strong></span> 
     </span>
     <span class='ocr_line' id='line_1_23' title="bbox 277 3461 1384 3549; baseline 0.002 -17"><span class='ocrx_word' id='word_1_156' title='bbox 277 3461 532 3542; x_wconf 70' lang='lat' dir='ltr'><strong>matrimonium</strong></span> <span class='ocrx_word' id='word_1_157' title='bbox 564 3471 660 3549; x_wconf 85' lang='lat' dir='ltr'><strong>atque</strong></span> <span class='ocrx_word' id='word_1_158' title='bbox 689 3472 761 3547; x_wconf 88' lang='lat' dir='ltr'><strong>post</strong></span> <span class='ocrx_word' id='word_1_159' title='bbox 791 3464 981 3530; x_wconf 84' lang='lat' dir='ltr'><strong>canonicam</strong></span> <span class='ocrx_word' id='word_1_160' title='bbox 1011 3463 1285 3543; x_wconf 82' lang='lat' dir='ltr'><strong>admonitionem,</strong></span> <span class='ocrx_word' id='word_1_161' title='bbox 1320 3469 1384 3534; x_wconf 77' lang='lat' dir='ltr'><strong>niti</strong></span> 
     </span>
     <span class='ocr_line' id='line_1_24' title="bbox 278 3570 1379 3662; baseline -0.001 -23"><span class='ocrx_word' id='word_1_162' title='bbox 278 3575 439 3640; x_wconf 87' lang='lat' dir='ltr'><strong>mulierem</strong></span> <span class='ocrx_word' id='word_1_163' title='bbox 477 3570 661 3647; x_wconf 82' lang='lat' dir='ltr'><strong>dimitteret.</strong></span> <span class='ocrx_word' id='word_1_164' title='bbox 707 3571 1042 3637; x_wconf 76' lang='lat' dir='ltr'><strong>excommunicationis</strong></span> <span class='ocrx_word' id='word_1_165' title='bbox 1083 3577 1273 3638; x_wconf 87' lang='lat' dir='ltr'><strong>sententiam</strong></span> <span class='ocrx_word' id='word_1_166' title='bbox 1312 3578 1379 3662; x_wconf 69' lang='lat' dir='ltr'><strong>regi</strong></span> 
     </span>
     <span class='ocr_line' id='line_1_25' title="bbox 277 3678 1382 3760; baseline 0.004 -16"><span class='ocrx_word' id='word_1_167' title='bbox 277 3681 505 3753; x_wconf 85' lang='lat' dir='ltr'><strong>minabantur;</strong></span> <span class='ocrx_word' id='word_1_168' title='bbox 535 3678 591 3760; x_wconf 84' lang='lat' dir='ltr'><strong>qui</strong></span> <span class='ocrx_word' id='word_1_169' title='bbox 622 3699 664 3744; x_wconf 85' lang='lat' dir='ltr'><strong>ne</strong></span> <span class='ocrx_word' id='word_1_170' title='bbox 693 3682 1037 3755; x_wconf 80' lang='lat' dir='ltr'><strong>excommunicaretur,</strong></span> <span class='ocrx_word' id='word_1_171' title='bbox 1070 3681 1177 3746; x_wconf 84' lang='lat' dir='ltr'><strong>reiiota</strong></span> <span class='ocrx_word' id='word_1_172' title='bbox 1210 3682 1310 3747; x_wconf 81' lang='lat' dir='ltr'><strong>Gallia</strong></span> <span class='ocrx_word' id='word_1_173' title='bbox 1342 3684 1382 3749; x_wconf 85' lang='lat' dir='ltr'><strong>in</strong></span> 
     </span>
     <span class='ocr_line' id='line_1_26' title="bbox 277 3784 1377 3873; baseline 0.007 -26"><span class='ocrx_word' id='word_1_174' title='bbox 277 3784 479 3853; x_wconf 83' lang='lat' dir='ltr'><strong>Germaniam</strong></span> <span class='ocrx_word' id='word_1_175' title='bbox 512 3784 606 3846; x_wconf 87' lang='lat' dir='ltr'><strong>venit.</strong></span> <span class='ocrx_word' id='word_1_176' title='bbox 651 3785 736 3848; x_wconf 85' lang='lat' dir='ltr'><strong>Haec</strong></span> <span class='ocrx_word' id='word_1_177' title='bbox 766 3786 886 3873; x_wconf 73' lang='lat' dir='ltr'><strong>idcirco</strong></span> <span class='ocrx_word' id='word_1_178' title='bbox 920 3785 971 3849; x_wconf 89' lang='lat' dir='ltr'><strong>hio</strong></span> <span class='ocrx_word' id='word_1_179' title='bbox 1003 3786 1105 3851; x_wconf 85' lang='lat' dir='ltr'><strong>obiter</strong></span> <span class='ocrx_word' id='word_1_180' title='bbox 1138 3807 1269 3853; x_wconf 83' lang='lat' dir='ltr'><strong>narrare</strong></span> <span class='ocrx_word' id='word_1_181' title='bbox 1303 3790 1377 3855; x_wconf 83' lang='lat' dir='ltr'><strong>duxi</strong></span> 
     </span>
     <span class='ocr_line' id='line_1_27' title="bbox 275 3889 1378 3980; baseline 0.002 -19"><span class='ocrx_word' id='word_1_182' title='bbox 275 3891 500 3966; x_wconf 79' lang='lat' dir='ltr'><strong>necessarium,</strong></span> <span class='ocrx_word' id='word_1_183' title='bbox 534 3889 608 3974; x_wconf 90' lang='lat' dir='ltr'><strong>quia</strong></span> <span class='ocrx_word' id='word_1_184' title='bbox 639 3891 779 3978; x_wconf 84' lang='lat' dir='ltr'><strong>martyrii</strong></span> <span class='ocrx_word' id='word_1_185' title='bbox 810 3889 897 3958; x_wconf 86' lang='lat' dir='ltr'><strong>beati</strong></span> <span class='ocrx_word' id='word_1_186' title='bbox 923 3894 1077 3961; x_wconf 85' lang='lat' dir='ltr'><strong>Frederici</strong></span> <span class='ocrx_word' id='word_1_187' title='bbox 1110 3897 1248 3980; x_wconf 76' lang='lat' dir='ltr'><strong>episcopi</strong></span> <span class='ocrx_word' id='word_1_188' title='bbox 1279 3919 1378 3963; x_wconf 81' lang='lat' dir='ltr'><strong>cauea</strong></span> 
     </span>
     <span class='ocr_line' id='line_1_28' title="bbox 276 4000 343 4067; baseline 0.03 -3"><span class='ocrx_word' id='word_1_189' title='bbox 276 4000 343 4067; x_wconf 80' lang='lat' dir='ltr'><strong>fuit.</strong></span> 
     </span>
    </p>
   </div>
   <div class='ocr_carea' id='block_1_7' title="bbox 789 4163 867 4194">
    <p class='ocr_par' dir='ltr' id='par_1_7' title="bbox 789 4163 867 4194">
     <span class='ocr_line' id='line_1_29' title="bbox 789 4163 867 4194; baseline 0 0"><span class='ocrx_word' id='word_1_190' title='bbox 789 4163 867 4194; x_wconf 62' lang='lat' dir='ltr'><strong>m</strong></span> 
     </span>
    </p>
   </div>
   <div class='ocr_carea' id='block_1_8' title="bbox 0 0 1468 5148">
    <p class='ocr_par' dir='ltr' id='par_1_8' title="bbox 0 0 1468 5148">
     <span class='ocr_line' id='line_1_30' title="bbox 0 0 1468 5148; baseline 0 7"><span class='ocrx_word' id='word_1_191' title='bbox 0 0 1468 5148; x_wconf 95' lang='lat' dir='ltr'><strong> </strong></span> 
     </span>
    </p>
   </div>
  </div>
 </body>
</html>
