2916 5150
297 457 357 524 162
724 455 944 522 WDRPERI

295 634 372 689 ante
403 645 574 702 concessa,
609 645 667 688 suo
687 623 837 690 subiicere
858 624 1011 690 dominio.
1046 624 1140 688 Anno
1160 622 1255 706 igilur
1275 620 1401 689 Domini
1452 605 1454 676 l

296 735 417 810 mcolv,
452 755 506 799 rex
538 735 604 819 ipse
633 753 754 817 magno
784 742 815 797 et
834 732 908 797 lorti
929 733 1061 817 stipatus
1081 730 1221 796 exercitu
1241 731 1403 816 ingressus

296 852 341 906 est
372 843 604 907 occidentalem
636 841 785 914 Frisium,
815 860 888 904 cum
920 839 984 903 iam
1018 848 1119 903 totam
1149 846 1266 902 terram
1286 837 1404 922 glacies

294 949 382 1014 fortis
411 953 484 1014 satis
514 960 690 1034 operuerat.
735 948 806 1030 lpse
836 968 911 1012 vero
942 969 996 1012 rex
1026 947 1061 1010 in
1084 945 1244 1009 dextrario
1264 943 1403 1020 sedens,

296 1057 337 1119 ad
368 1079 485 1142 pagum
507 1055 721 1142 llooghwoud
743 1055 1043 1128 concremandum,
1075 1063 1164 1117 trans
1184 1052 1335 1137 paludem
1355 1073 1405 1118 se·

296 1184 407 1228 curum
437 1164 610 1249 exploravit
641 1163 763 1227 aditum
793 1163 953 1226 exercitui.
997 1161 1141 1246 Cumque
1162 1161 1207 1225 sic
1227 1160 1404 1244 pedestrem

296 1272 467 1336 exercitum
499 1293 573 1336 cum
594 1271 705 1357 paucis
725 1267 957 1354 praecessisset,
990 1289 1067 1334 ecce
1087 1288 1209 1353 equus,
1242 1271 1294 1332 cui
1314 1266 1405 1332 sede·

296 1379 352 1444 bet
382 1380 417 1442 in
457 1380 651 1464 paludinoso
681 1378 785 1454 vado,
830 1377 1053 1443 circumstante
1086 1376 1207 1464 glacie,
1251 1377 1405 1460 paulatim

297 1488 436 1573 immergi
469 1487 585 1572 coepit.
630 1487 725 1570 Quod
755 1486 896 1552 ridentes
928 1485 1088 1561 Frisones,
1123 1505 1161 1548 ex
1201 1483 1323 1547 insidiis
1344 1505 1406 1548 un·

298 1595 395 1679 dique
430 1604 679 1679 consurgentes,
713 1595 815 1678 ipsum
846 1613 952 1678 regem
985 1613 1057 1657 cum
1088 1591 1198 1677 paucis
1230 1592 1297 1655 aliis
1317 1593 1406 1658 occi·

298 1701 430 1776 derunt,
464 1703 498 1764 in
532 1712 647 1766 octava
680 1712 809 1766 sanctae
829 1701 960 1786 Agnetis
989 1699 1127 1786 virginis.
1171 1697 1292 1764 Deinde
1321 1721 1408 1766 con·

297 1808 390 1894 gressi
423 1829 496 1871 cum
529 1808 666 1890 exercitu
700 1807 932 1871 Hellandorum
963 1809 1080 1872 multos
1109 1807 1337 1871 interemerunt
1368 1807 1405 1872 in

298 1936 354 1982 ore
385 1914 491 1998 gladii.
545 1915 680 1978 llexima
723 1926 830 1980 autem
871 1936 946 2000 pars
990 1915 1257 1982 Dordracensium
1288 1916 1405 1984 civium

298 2024 351 2088 illo
381 2023 416 2086 in
457 2023 579 2108 proelio
609 2024 814 2099 ceciderunt,
860 2025 916 2088 sed
945 2035 976 2089 et
1006 2026 1160 2091 Dellenses
1191 2026 1255 2092 lere
1293 2048 1407 2094 omnes

297 2131 426 2216 periere.
471 2130 594 2195 Deinde
626 2153 698 2196 oum
730 2132 773 2196 ad
803 2132 904 2218 spolie
937 2131 1134 2198 detrahenda
1166 2134 1321 2200 redissent
1342 2136 1408 2201 Fri·

298 2259 414 2316 sones,
450 2250 673 2323 cognovemnt
712 2261 817 2325 regem
858 2250 924 2305 tum
954 2241 1073 2306 iudicio
1114 2242 1242 2306 exulum
1272 2245 1409 2309 Hellan-

299 2348 371 2415 diae
390 2347 475 2412 iuter
493 2347 605 2410 Prisios
627 2352 919 2425 commorantium,
953 2359 1020 2414 tum
1042 2371 1079 2414 ex
1101 2350 1194 2412 armis
1214 2352 1305 2434 regiis
1327 2374 1409 2418 euro

298 2456 386 2519 lulio
416 2453 675 2538 splendentibus,
708 2455 810 2539 ipsum
831 2476 935 2542 regem
957 2458 992 2520 in
1014 2458 1082 2542 ipso
1103 2458 1224 2542 praelio
1245 2458 1408 2526 cecidisse.

298 2562 390 2628 Tunc
411 2571 550 2647 quatuor
571 2561 742 2628 nobiliores
762 2573 793 2628 et
813 2565 1032 2649 prudentiores
1051 2567 1175 2644 Frisiae,
1190 2567 1312 2652 regium
1335 2588 1409 2634 cor·

298 2692 358 2756 pus
388 2681 563 2748 sumentes,
597 2673 788 2756 sepelierunt
818 2672 897 2738 illud
917 2676 1044 2740 occulte
1064 2675 1100 2740 in
1121 2674 1219 2740 domo
1240 2675 1409 2741 cuiusdam

298 2778 454 2856 Frisonis,
477 2790 513 2846 ut
533 2780 579 2846 sic
599 2800 656 2866 per
676 2780 884 2848 succedentia
905 2792 1049 2870 tempora
1071 2784 1227 2870 deperiret
1247 2792 1313 2852 tarn
1335 2789 1411 2851 rin·

301 2887 409 2966 dicta,
432 2909 532 2973 quam
552 2890 704 2953 memoria
725 2891 772 2954 sui
794 2891 943 2959 nominis.

334 3381 542 3454 Exemplar
566 3385 831 3444 mnovatioms
855 3388 897 3444 et
923 3387 1228 3446 confirmationis
1245 3387 1370 3458 μῆτί-

402 3475 593 3548 Ιοςιοηιιι
619 3479 822 3538 willielmi
837 3480 1099 3541 Romanorum
1125 3483 1231 3553 recle
1257 3483 1302 3538 ct

641 3574 878 3634 lonandlao
901 3577 1069 3638 conius.

730 3775 819 3843 CAP.
842 3777 954 3841 xm.

339 3984 526 4052 Wilhelmus
558 3989 613 4054 Dei
645 3991 747 4077 gratia
776 3992 997 4060 Romanorum
1031 4014 1085 4059 ren
1111 4011 1233 4078 semper
1255 3999 1409 4077 augustus

297 4093 446 4160 universis
477 4117 534 4180 pcr
564 4097 692 4164 Frisium
714 4102 893 4168 constitutis
912 4101 1058 4168 fidelibus
1078 4103 1139 4166 nris
1159 4101 1292 4188 gratiam
1312 4119 1409 4164 suam

297 4206 328 4262 et
349 4217 442 4266 omna
462 4201 593 4272 bonum.
623 4208 663 4273 Ut
685 4222 860 4295 cognoscat
881 4211 1044 4298 generatio
1061 4210 1222 4276 Frisonum
1244 4208 1406 4286 universa,
