2950 5144
511 485 761 552 cstttolttcort.
1158 489 1181 552 8

68 673 179 718 sorum
206 670 358 735 generum
380 653 412 717 in
433 653 565 719 lacubus
585 677 626 720 ac
644 654 747 720 llusiis
767 663 811 720 est
833 655 945 739 copia,
977 655 1177 732 moriuntur,

72 763 135 826 nisi
160 761 318 847 frequenti
351 781 390 826 ac
421 763 513 848 quasi
546 765 610 848 iugi
639 764 672 827 in
701 783 773 828 vere
800 765 906 848 pluria
937 773 1019 830 terra
1041 774 1072 830 et
1094 785 1180 852 aqua

69 869 238 954 pristinam
260 880 469 955 assequantur
490 870 704 937 dulcedinem.
746 871 786 935 Et
806 871 879 937 licet
901 871 981 937 haec
1002 872 1089 957 regio
1108 871 1181 938 feris

70 977 115 1042 ob
147 977 296 1042 silvarum
325 976 484 1041 delectum
516 987 626 1043 careat
658 977 865 1054 animalibus,
899 999 939 1043 ne
971 989 1078 1044 tamen
1101 977 1181 1044 deli-

69 1086 162 1151 eiosis
184 1107 225 1152 ao
245 1087 418 1170 opulentis,
452 1087 543 1173 quod
564 1085 721 1165 delectat,
745 1085 822 1152 desit
843 1086 969 1164 incolis,
991 1086 1180 1172 providente

69 1193 213 1259 omnium
245 1213 349 1258 rerum
369 1193 538 1260 conditore
558 1203 656 1280 atque
677 1193 825 1278 largitore
845 1194 932 1271 Deo,
954 1196 1052 1260 multa
1074 1193 1179 1261 avium

70 1301 300 1384 volucrumque
331 1309 397 1364 tam
419 1302 663 1386 campestrium,
697 1319 796 1386 quarn
816 1300 988 1366 fluvialium
1010 1301 1105 1367 babet
1125 1321 1180 1386 ge·

75 1429 175 1484 nera,
196 1427 331 1493 quarum
352 1427 426 1472 eum
448 1408 522 1482 ovis,
548 1416 614 1472 tum
634 1405 785 1472 carnibus
805 1408 974 1474 lautissime
993 1415 1179 1493 pascuntur.

1 1583 2 1586 ,
71 1518 113 1581 Et
142 1525 177 1579 ut
199 1514 239 1578 de
260 1513 423 1592 anatibus,
455 1515 636 1593 anseribus,
660 1517 859 1602 aliarumque
879 1515 1051 1580 multarum
1073 1515 1179 1580 arium

71 1620 260 1710 generibus,
308 1621 458 1708 (quarum
489 1624 525 1688 in
568 1623 663 1688 Frisia
702 1625 753 1690 rix
794 1632 838 1688 est
878 1643 1045 1699 numerus,
1080 1643 1181 1710 quae·

1 1800 2 1806 ἵ
69 1754 137 1819 que
170 1732 207 1794 in
228 1729 294 1796 aliis
324 1729 516 1815 quibusdam
537 1731 618 1796 forte
638 1733 830 1818 provinciis,
864 1733 919 1798 etsi
941 1753 1008 1796 non
1030 1733 1065 1798 in
1087 1742 1179 1797 tanta

1 1831 2 1918 ᾗ
71 1841 191 1925 eopia,
219 1857 459 1925 nonnunquam
493 1850 597 1906 tamen
632 1841 868 1926 inveniuntur),
901 1841 1030 1918 sileam,
1060 1859 1180 1926 cygno·

1 1977 2 2032 ;
72 1971 149 2014 rum
180 1957 272 2014 tanta
301 1957 347 2012 est
367 1947 560 2026 multitudo,
595 1960 628 2013 ut
649 1969 715 2016 non
734 1951 836 2016 solum
858 1949 980 2016 nobiles
1000 1958 1031 2013 et
1053 1948 1180 2014 delicati

71 2075 216 2143 quorum
247 2056 308 2120 esui
338 2056 468 2142 proprie
496 2067 675 2141 competere
705 2058 869 2132 ridentur,
912 2057 968 2121 sed
997 2065 1029 2121 et
1058 2056 1180 2122 medio·

1 2172 2 2258 j
71 2185 145 2231 cres
175 2175 372 2250 agrestesque
402 2164 543 2230 homines
564 2164 607 2229 ad
627 2166 802 2230 satietatem
823 2165 867 2229 eis
888 2173 1067 2230 vescantur.
1111 2163 1181 2228 lloo

1 2267 2 2330 l
71 2275 112 2339 de
136 2273 236 2338 Frisiis
257 2273 367 2338 dixisse
387 2272 495 2340 divum
516 2271 680 2338 Caesarem
702 2274 910 2349 crediderim,
942 2291 1043 2358 qaum
1063 2279 1180 2357 quarto

1 2403 2 2446 3
70 2381 148 2449 belli
179 2381 291 2448 Gallici
321 2379 402 2445 libro
422 2380 572 2466 seriptum
595 2382 772 2469 reliquerit:
816 2380 948 2447 Rhenus
970 2377 1103 2467 (inquit)
1126 2377 1181 2444 ubi

1 2469 2 2504 ³
70 2489 209 2556 Oceano
243 2489 501 2576 appropinquat,
534 2491 567 2553 in
588 2490 693 2573 plures
713 2489 824 2555 defluit
845 2501 971 2574 partes,
1004 2488 1108 2553 multis
1129 2489 1181 2554 in·

1 2623 2 2644 1
72 2598 281 2686 gentibusque
302 2598 406 2663 insulis
425 2595 551 2662 effectis.
583 2596 725 2680 Quarum
745 2617 819 2682 pars
838 2618 953 2683 magna
975 2617 993 2661 a
1014 2597 1086 2662 feris
1106 2595 1181 2662 bar·

1 2749 2 2794 ,
72 2706 223 2793 basisque
251 2703 435 2771 nationibus
464 2703 625 2770 incolitur.
664 2705 710 2767 Ex
742 2703 858 2788 quibus
877 2715 947 2767 sunt
967 2705 1024 2788 qui
1044 2700 1181 2788 piscibus

1 2805 2 2892 l
73 2819 208 2905 ovisque
228 2817 332 2882 arium
352 2816 453 2882 vivere
474 2813 701 2879 existimentur.
746 2811 831 2877 llaec
853 2809 913 2876 ille.
953 2809 1084 2876 Constat
1104 2828 1181 2892 pro·

71 2927 165 2993 lecto
193 2925 303 2990 Frisios
333 2923 508 2990 nonnullas
540 2920 646 2987 Rheni
678 2919 791 2984 insulas
810 2917 1006 2992 inhabitare,
1038 2926 1073 2981 ut
1093 2924 1181 3002 patet

72 3036 120 3102 de
140 3033 332 3101 occidentali
361 3031 478 3108 Frisia,
511 3030 554 3096 ad
587 3028 789 3095 occidentem
810 3027 953 3092 videlicet
973 3026 1054 3092 nevi
1075 3024 1181 3088 flumi-

73 3145 126 3209 nis
146 3143 228 3220 sita,
258 3163 357 3230 quam
377 3141 482 3208 Rheni
502 3161 565 3205 esse
585 3137 719 3202 insulam
740 3155 837 3201 nemo
858 3134 993 3199 dubitat.
1037 3132 1180 3216 Quarum

75 3252 111 3317 in
133 3261 332 3338 praesentem
364 3271 465 3338 usque
487 3249 571 3314 diem
592 3246 794 3332 pauperiores
814 3263 855 3310 ao
876 3243 1033 3308 tenuiores
1053 3243 1181 3308 incolae

1 3447 2 3458 ἵ
72 3362 263 3450 piscationi,
295 3361 450 3447 aucupio,
483 3367 581 3444 atque
612 3374 743 3422 ovorum
765 3351 985 3437 campestrium
1007 3351 1110 3418 avium
1131 3351 1181 3418 in·

1 3467 2 3472 ’
73 3470 240 3558 quisitioni
261 3490 391 3555 operam
411 3468 522 3532 dantes
543 3474 574 3530 et
595 3463 652 3529 sibi
671 3473 839 3550 quaestum
861 3481 1012 3544 magnum
1033 3470 1065 3522 et
1086 3460 1180 3524 ditio·

74 3581 163 3646 ribus
192 3579 389 3664 voluptatem
421 3584 605 3663 procurant.
657 3573 711 3636 llst
740 3580 844 3635 autem
876 3567 970 3632 Frisia
1003 3567 1089 3652 regio
1110 3566 1180 3650 pul-

1 3715 2 3738 ÷
75 3689 253 3765 cherrima,
296 3686 534 3773 populosissima
576 3692 608 3748 ct
646 3679 849 3746 feracissima.
901 3675 1002 3740 Habet
1045 3695 1181 3762 namque

1 3859 2 3864 ,
73 3805 218 3884 quatuor
238 3796 392 3880 (veterino
401 3793 522 3878 scriptis
533 3784 707 3873 notissima)
729 3787 878 3862 flumina,
892 3782 1180 3872 quaeperFrisiam

1 3892 2 3978 s
74 3906 112 3970 in
133 3905 298 3971 Oceanum
319 3902 496 3976 elabuntur,
521 3898 626 3968 Albim
646 3897 808 3972 videlieet,
821 3895 1006 3978 Visurgum,
1029 3892 1180 3957 Amasurn

72 4024 108 4080 et
136 4014 276 4080 Flevum.
319 4011 370 4076 ns
392 4019 496 4076 autem
516 4009 648 4072 Amasus
667 4005 801 4080 fluvius,
835 4003 868 4068 in
890 4023 958 4090 quo
982 4001 1071 4082 (teste
1092 3999 1180 4065 Stra·

1 4125 2 4136 ’
73 4122 161 4189 bone
178 4121 232 4186 lib.
245 4119 346 4206 viimo)
360 4121 475 4184 Drusus
496 4115 701 4204 Germanicus
721 4111 881 4199 privignus
890 4107 1059 4172 Octaviani
1079 4107 1180 4176 Bruc-

1 4222 2 4280 ἶ
77 4241 160 4299 teros
189 4231 297 4300 navali
327 4227 448 4314 proelio
484 4225 648 4312 superavit.
702 4218 819 4286 Omnia
849 4218 957 4303 itaque
989 4216 1030 4282 ad
1065 4216 1179 4284 victum
