2950 5144
290 480 333 544 ιι
752 441 974 543 Woaranr'

291 646 339 728 (ut
360 644 482 709 dictum
501 646 559 728 est)
591 654 757 729 promotus
788 647 919 709 moritur
941 667 1031 710 anuo
1054 645 1181 712 Domini
1201 641 1348 709 viiehviii
1370 654 1403 708 et

289 755 324 815 in
345 752 476 816 ecclesia
498 753 598 816 sancti
619 751 749 814 Dionisii
771 753 953 818 tumulatur.

332 861 483 932 Carolus.
517 879 585 922 non
615 858 717 921 minus
736 876 797 941 pro
817 858 992 935 felicitatis,
1023 881 1121 946 quam
1143 861 1287 943 corporis
1306 878 1404 944 mog·

291 968 461 1041 nitudine.
494 976 712 1052 cognomento
744 985 894 1050 magnus,
938 968 1065 1052 Pippini
1096 969 1176 1054 regis
1205 989 1245 1032 ex
1276 967 1399 1042 berta,

289 1077 356 1140 filia
377 1075 510 1140 Heraclii
531 1075 745 1160 imperatoris,
778 1073 878 1149 filius,
912 1075 1015 1140 lactus
1040 1087 1085 1141 est
1105 1086 1177 1161 post
1197 1084 1323 1160 patrem
1346 1096 1404 1140 rex

292 1183 506 1257 Francorum,
541 1180 629 1244 unde
657 1179 783 1264 inipso
804 1199 904 1264 genus
924 1182 1137 1259 Graecorum,
1172 1183 1405 1248 Romanorum

294 1301 326 1357 et
368 1291 596 1354 Germanorum
628 1299 835 1353 concurrunt.
892 1290 930 1353 llt
961 1290 1036 1354 ideo
1064 1310 1136 1355 non
1168 1291 1324 1355 immerito
1358 1291 1405 1355 ad

295 1400 397 1483 ipsum
429 1409 538 1482 postea
561 1407 606 1460 est
637 1396 825 1458 translatum
845 1397 1020 1480 imperium.
1065 1399 1139 1463 Erat
1160 1400 1247 1462 enim
1267 1399 1406 1464 Carolus

239 1493 244 1502 ’
295 1525 448 1590 magnus.
484 1505 564 1569 ucut
596 1522 704 1567 omnes
732 1511 838 1585 patres
866 1505 931 1568 eius
951 1506 1091 1588 superius
1110 1507 1306 1581 enumerati.
1342 1527 1406 1573 ne·

296 1615 382 1677 tione
401 1633 467 1676 non
488 1612 593 1677 Gallus
616 1610 663 1693 (ut
679 1611 826 1674 nonnulli
845 1613 1038 1695 autumant),
1053 1613 1304 1680 sedCermanus.
1339 1616 1405 1681 Na·

274 1732 348 1798 tus
385 1730 431 1784 est
473 1719 558 1782 enim
602 1717 733 1783 Carolus
763 1737 899 1802 magnus
929 1720 965 1781 iu
998 1720 1123 1786 civitate
1154 1722 1327 1808 lngelhcim
1360 1725 1404 1789 ad

298 1831 400 1914 ripam
430 1826 539 1892 Rheni
569 1825 710 1889 fluminis
740 1826 774 1888 in
798 1837 880 1892 terra
903 1826 1109 1894 Rincoviensi
1130 1831 1209 1908 sita,
1243 1851 1348 1917 quare
1368 1833 1404 1896 in

298 1945 496 2021 praesentem
526 1953 625 2017 usque
657 1933 741 1996 diem
773 1943 818 1996 est
848 1933 906 1997 suh
937 1935 1056 1999 ditium
1087 1937 1260 2004 Caesareae
1291 1942 1405 2006 maies-

299 2046 382 2110 tatis.
424 2043 465 2107 ln
496 2061 562 2126 qua
591 2041 686 2105 etiam
716 2050 870 2106 vetustum
900 2043 976 2109 olim
1006 2045 1235 2133 ruinosumquc
1255 2049 1314 2113 luit
1336 2071 1405 2115 cas·

300 2163 403 2225 trum.
449 2151 482 2214 in
525 2169 593 2235 quo
625 2159 719 2213 natus
749 2160 795 2213 est
828 2149 958 2215 Carolus
986 2173 1138 2237 magnus,
1172 2156 1263 2240 quod
1294 2170 1404 2243 postea

301 2257 462 2323 Robertus
491 2256 629 2321 llavarus
660 2257 885 2321 Romanorum
914 2279 987 2334 rex,
1020 2271 1117 2346 atque
1138 2262 1256 2330 deinde
1277 2265 1406 2333 Carolus

301 2375 433 2452 quartus
453 2365 625 2446 imperator
646 2375 890 2446 reparaverunt,
925 2387 964 2432 ac
994 2369 1097 2433 multis
1129 2372 1279 2439 aedificiis
1307 2396 1406 2442 orna·

301 2481 435 2546 rerunt,
465 2470 747 2555 fundaveruntque
776 2472 810 2534 in
841 2493 881 2537 eo
913 2475 1079 2562 collegium
1101 2483 1335 2548 canonicorum
1356 2505 1405 2550 re·

301 2581 412 2644 larirrm
433 2576 475 2641 ad
496 2586 682 2662 perpetuam
703 2577 806 2642 Caroli
828 2581 939 2664 magni
959 2584 1126 2650 nativitatis
1146 2591 1343 2659 memoriam.
1465 2619 1466 2626 ¹

344 2689 418 2752 Erat
450 2695 556 2750 autem
587 2686 643 2748 iste
678 2684 811 2750 Carolus
844 2687 893 2769 (ut
926 2688 1034 2754 scribit
1065 2692 1222 2778 Turpinus
1243 2696 1407 2764 Remensis
1465 2673 1466 2714 ἶ

303 2794 567 2880 archiepiscopus)
600 2811 735 2876 corpore
764 2793 920 2869 decorus.
960 2797 1015 2862 sed
1045 2800 1111 2864 risu
1142 2802 1242 2883 lerus3
1284 2815 1406 2873 statura

301 2904 367 2967 eius
387 2909 465 2967 octo
485 2899 603 2981 pedum
625 2919 773 2974 suorum,
808 2903 863 2986 qrri
895 2915 987 2968 erant
1009 2906 1195 2993 longissimi,
1227 2913 1322 2977 iacies
1341 2916 1407 2981 elus

301 3011 335 3073 in
368 3005 565 3092 longitudine
597 3005 734 3071 habebat
755 3007 894 3091 palmum
915 3021 945 3074 et
967 3011 1151 3091 dimidium,
1187 3019 1286 3084 barba
1306 3041 1405 3087 unum
1465 3005 1466 3066 Ῑ

302 3115 438 3202 pedum
471 3134 566 3177 nasus
599 3115 724 3178 circiter
752 3114 928 3183 dimidium.
982 3120 1153 3205 Cingulus,
1199 3147 1268 3212 quo
1298 3129 1408 3215 cinge.

302 3225 418 3296 hatur.
452 3231 528 3286 octo
549 3221 663 3305 pedem
684 3232 751 3285 erat
772 3223 982 3307 longitudine,
1016 3241 1141 3312 praeter
1160 3233 1193 3297 id
1215 3235 1304 3320 quod
1325 3257 1405 3321 peu·

303 3329 411 3396 debat.
462 3331 579 3393 Parum
618 3329 711 3414 panis
748 3330 956 3408 comedebat,
1003 3335 1056 3400 sed
1100 3351 1248 3424 quartam
1286 3355 1405 3429 partem

303 3438 424 3512 arietis,
460 3446 515 3500 aut
544 3436 676 3521 gallinas
697 3435 796 3516 duas,
828 3448 883 3502 aut
905 3459 1189 3524 anseremunum,
1224 3459 1280 3514 aut
1300 3464 1405 3536 spatu-

300 3550 366 3612 lam
387 3546 573 3632 pcrcinam.
609 3554 663 3608 aut
696 3565 872 3629 pavonem,
907 3557 961 3612 aut
982 3551 1121 3635 leporem
1142 3556 1316 3643 integrum,
1338 3581 1402 3625 una

301 3656 370 3720 vioe
401 3652 526 3719 edebat.
569 3652 729 3716 Modicum
763 3654 826 3718 vini
856 3673 940 3740 aqua
970 3657 1113 3744 limphati
1144 3665 1248 3730 sobrie
1269 3666 1402 3733 bibebat.

302 3763 421 3826 Tantae
462 3768 530 3824 erat
571 3757 783 3833 fortitudinis,
827 3763 916 3845 quod
957 3765 1086 3832 militem
1127 3785 1285 3839 armatum
1316 3795 1404 3861 super

303 3888 421 3954 ιιιιιιιιιιι
451 3866 613 3932 sedentem
643 3887 663 3929 a
695 3867 811 3931 vertice
840 3870 951 3954 capitis
983 3893 1083 3961 uque
1104 3878 1146 3942 ad
1175 3879 1284 3957 bases,
1318 3885 1403 3949 simul

303 3999 377 4043 cum
396 3995 498 4062 quo,
522 3993 587 4038 uno
608 3974 673 4038 ictu
694 3973 824 4058 propria
844 3977 954 4060 spatha
975 3983 1113 4054 secabat.
1147 3987 1293 4068 Quatuor
1312 3993 1404 4058 etiam

303 4087 472 4150 ferraturas
503 4103 659 4169 equorum
692 4082 781 4146 simul
803 4085 950 4151 manibus
970 4089 1062 4156 facile
1082 4095 1284 4164 extendebat.
1329 4102 1404 4166 llili·

301 4205 365 4259 tem
398 4203 554 4258 armatum
585 4201 718 4258 stantem
749 4213 841 4276 super
868 4194 1008 4278 palmam
1040 4221 1130 4266 suam
1163 4217 1286 4272 aterra
1310 4231 1404 4297 usque
1464 4245 1465 4288 ς
