2916 5150
483 459 729 528 CilllONlCON.
1102 465 1161 530 tte

113 676 168 733 Be
188 671 475 747 expugnatione
493 677 696 734 laniatae
715 677 886 736 civitatis
905 681 946 737 et
963 680 1121 737 miseria

3 773 4 778 ’
535 771 692 828 civium

2 1057 3 1062 γ
518 969 606 1038 CAP.
628 972 711 1036 xxt.

2 1103 3 1144 l

97 1164 173 1230 Post
207 1174 336 1250 captam
368 1169 477 1232 turrim
509 1170 669 1255 principes
702 1170 869 1237 Christiani
890 1175 1043 1240 exercitus
1061 1177 1163 1261 ipsam

58 1275 233 1338 llamiatam
266 1275 458 1341 obsidebant
487 1279 663 1352 civitatem,
697 1301 782 1364 quae
802 1280 890 1344 fortis
910 1294 940 1346 et
963 1294 1076 1366 potens
1096 1297 1164 1349 erat

2 1415 3 1444 ;
57 1383 160 1448 valde.
204 1383 284 1447 llam
317 1384 474 1468 gradatim
508 1387 620 1471 triplici
653 1408 744 1451 muro
775 1388 969 1474 cingebatur.
1024 1391 1163 1454 Primum

56 1492 169 1556 babuit
200 1491 347 1556 humilem
379 1494 423 1558 ad
444 1494 621 1559 custodiam
643 1496 767 1570 lossati,
800 1499 976 1562 secundum
998 1499 1161 1573 altiorem,

1 1681 2 1692 ἵ
57 1601 184 1664 tertium
216 1600 475 1677 eminentiorem,
510 1604 595 1667 unde
624 1604 771 1668 Saraceni
793 1605 907 1668 multos
926 1606 1062 1691 impetus
1082 1627 1164 1672 con·

1 1715 3 1810 l
57 1720 101 1774 tra
148 1709 397 1776 Christianorum
431 1713 569 1776 tentoria
600 1712 773 1787 iacientes,
813 1734 904 1778 nunc
938 1715 1028 1792 victi,
1075 1736 1164 1781 nunc

1 1845 2 1862 2
58 1816 253 1884 recedebant
284 1818 427 1884 victores.
471 1817 724 1884 construxerunt
757 1823 887 1906 insuper
908 1822 1061 1887 Saraceni
1081 1844 1164 1909 pon·

1 1965 2 1970 κ
58 1940 125 1993 tem
156 1948 214 2012 per
245 1937 454 1992 transversum
475 1926 613 1991 fluminis
634 1927 712 2003 Nili,
746 1949 788 1993 ne
808 1931 907 1994 nostri
928 1931 1164 2006 liberellumen

57 2057 167 2101 versus
206 2037 364 2103 civitatem
407 2035 578 2101 ascendere
619 2035 771 2101 valerent.
826 2037 917 2101 Tunc
946 2039 1102 2105 Teutones
1133 2052 1165 2105 et

1 2129 2 2134 ἵ
57 2145 145 2209 Frisii
178 2146 277 2210 iustae
311 2145 538 2230 indignationis
558 2142 626 2208 zelo
648 2143 802 2217 accincti,
837 2163 911 2208 cum
934 2146 1048 2210 minori
1068 2150 1162 2223 nari,

1 2261 2 2276 ¹
57 2256 147 2318 cuius
168 2253 340 2317 ministerio
362 2252 453 2315 turris
473 2251 531 2315 luit
553 2261 666 2336 capta,
699 2261 832 2336 pontem
862 2251 1071 2336 imperterrito
1093 2256 1164 2318 ani·

57 2382 112 2426 mo
134 2363 341 2437 interemat,
364 2381 431 2426 non
452 2359 602 2425 habentes
622 2359 772 2425 auxilium
793 2361 852 2424 nisi
873 2359 914 2426 de
935 2362 1037 2428 coelo.
1080 2363 1165 2427 Pau·

1 2543 2 2548 ,
58 2472 161 2536 ciores
190 2469 277 2534 enim
309 2468 365 2532 riri
397 2488 496 2554 quam
527 2470 638 2534 decem
670 2468 711 2532 de
742 2479 834 2553 gente
863 2471 1027 2555 praedicta
1049 2481 1165 2538 contra

1 2603 2 2612 ¹
58 2597 190 2643 omnem
231 2576 449 2642 fortitudinem
494 2575 744 2660 Babyloniorum
786 2588 919 2662 pontem
961 2581 1166 2646 ascendentes

61 2686 242 2773 (spectante
281 2685 483 2749 multitudine
522 2683 766 2748 Christianorum
808 2694 839 2749 et
879 2685 965 2750 hanc
997 2688 1165 2753 audaciam

61 2816 132 2860 non
155 2795 258 2860 minus
279 2794 469 2870 admirante,
490 2793 778 2877 quamplurimum
799 2793 981 2876 extollente)
1004 2796 1166 2880 fregerunt

1 2930 2 2954 1
58 2903 216 2978 eundem,
239 2914 271 2967 et
292 2903 336 2968 sic
356 2924 431 2968 cum
452 2912 593 2987 quatuor
614 2900 764 2977 navibus,
787 2921 881 2984 super
899 2923 979 2988 quas
999 2914 1066 2968 erat
1086 2924 1166 2989 pons

59 3013 233 3088 fundatus,
257 3012 369 3076 reversi
390 3020 465 3074 sunt
486 3031 560 3075 cum
583 3008 742 3093 triumpho
764 3009 806 3072 ad
827 3012 997 3077 exercitum
1019 3012 1167 3079 Christia-

60 3143 201 3196 norum,
234 3121 364 3186 liberam
395 3119 477 3185 viam
508 3127 539 3182 et
571 3127 713 3202 apertam
734 3137 854 3180 sursum
876 3120 1096 3204 navigantibus
1116 3144 1167 3187 re·

59 3231 253 3313 linquentes.
297 3229 371 3292 Post
392 3228 519 3310 longam
541 3224 671 3288 tandem
692 3223 914 3303 obsidionem,
947 3229 1048 3306 ferro,
1082 3232 1166 3297 lame

59 3346 91 3401 et
111 3346 217 3422 peste,
241 3336 323 3399 ultra
343 3355 442 3419 quam
462 3332 555 3397 scribi
576 3341 698 3417 potest,
733 3333 874 3409 afflicta,
906 3348 1001 3420 capta
1023 3349 1068 3403 est
1089 3342 1166 3407 ciri·

60 3456 107 3508 tas
139 3444 282 3510 Damiata
315 3441 536 3506 aCbristianis
557 3461 648 3504 anno
670 3441 797 3503 Domini
822 3442 947 3506 mccxix
970 3465 1079 3510 mense
1101 3449 1166 3512 No·

60 3553 191 3618 rembri.
236 3549 487 3636 lngredientibus
517 3547 698 3612 Christianis
729 3549 885 3612 civitatem
918 3548 1021 3614 loetor
1050 3555 1168 3620 intole-

59 3660 167 3725 rabilis
199 3659 338 3724 occurrit
369 3668 400 3721 et
433 3665 576 3742 aspectus
606 3654 796 3720 miserabilis.
839 3658 953 3722 lllortui
974 3661 1060 3724 enim
1081 3664 1167 3729 viros

60 3769 301 3832 interfecerunt.
347 3766 427 3830 Nam
461 3785 530 3829 non
562 3764 662 3829 solum
691 3766 816 3849 plateae
837 3767 967 3832 mortuis
987 3781 1081 3835 erant
1100 3773 1168 3856 ple·

59 3898 139 3952 nae,
174 3876 229 3941 sed
260 3887 291 3940 et
322 3877 357 3938 in
390 3872 553 3947 domibus,
587 3874 620 3936 in
654 3872 808 3937 cubilibus
826 3884 858 3939 et
879 3877 997 3941 lectulis
1017 3880 1168 3944 iacebant

61 3985 217 4050 defuncti.
261 3983 411 4047 Extincto
433 3981 500 4047 viro
520 3980 630 4043 mulier
662 3980 820 4064 impotens
846 4003 991 4069 surgere,
1013 3995 1044 4049 et
1065 3986 1168 4053 suble·

59 4094 160 4157 vantis
202 4111 316 4156 carens
357 4090 488 4164 auxilio,
523 4088 723 4172 putredinem
756 4109 824 4153 non
856 4089 958 4156 ferens
990 4094 1166 4180 exspiravit.

59 4203 183 4271 Parvuli
218 4199 372 4283 petierunt
403 4217 540 4282 panem,
570 4206 600 4260 et
628 4215 695 4272 non,
721 4206 809 4274 erat,
842 4198 897 4282 qui
925 4199 1082 4287 frangeret
1113 4210 1164 4276 eis.
