2916 5150
3 275 8 350 i

4 517 9 637 t

514 460 763 535 cunculcon.
1128 453 1187 518 lau

121 703 178 759 Be
195 693 408 771 prodigiis,
435 706 537 764 quoe
562 691 647 748 vles
665 690 756 748 runt
772 689 815 745 in
831 684 959 745 nisi·
977 686 1152 755 tempore
1220 651 1225 658 ⁸

271 787 577 862 praedicationis
595 784 758 841 oliverti
777 779 1004 840 scholastici

514 877 772 936 (toloneum.

543 1076 630 1142 cul).
654 1074 735 1138 XIX.

126 1302 274 1368 Excitata
306 1298 363 1362 suit
385 1294 550 1379 provincia
571 1290 769 1356 coloniensis
798 1288 842 1352 ad
871 1286 1057 1372 obsequium
1078 1286 1190 1350 Satra-

88 1412 164 1476 toris
186 1429 243 1494 par
263 1407 372 1490 signa,
397 1422 482 1489 quae
504 1407 719 1485 apparuerunt
740 1397 775 1459 in
797 1395 903 1460 coelis.
947 1394 1029 1457 Nam
1049 1395 1084 1456 iu
1107 1412 1191 1478 pago

3 1583 10 1611 ‚
85 1519 201 1582 Frisiae
243 1514 352 1578 Beden
396 1509 548 1582 nornine,
591 1503 845 1570 Mouasteriensis
888 1502 1041 1577 diocesis,
1086 1522 1193 1566 meuse

84 1626 193 1700 Maio,
227 1621 302 1686 feria
333 1627 419 1684 sexta
436 1625 529 1680 -aute
560 1622 795 1697 pentecostem,
832 1610 941 1694 triplex
969 1611 1070 1674 forma
1092 1609 1195 1674 crucis

84 1733 215 1820 aparuit
236 1731 271 1794 in
294 1733 386 1803 adro,
421 1745 488 1788 una
519 1722 660 1788 candida
682 1741 786 1786 versus
807 1720 1010 1806 aquilonem,
1043 1720 1103 1785 alia
1126 1742 1194 1785 ver·

84 1865 134 1908 sus
170 1839 332 1906 meridiem
363 1833 501 1900 ciusdem
535 1831 650 1897 coloris
679 1839 712 1894 et
743 1828 927 1904 schematis,
964 1830 1055 1894 tertia
1088 1827 1194 1891 medio

86 1948 253 2032 colorc(*)
277 1947 423 2012 colorata
454 1941 575 2006 habens
608 1941 710 2005 crucis
729 1940 905 2024 patibulum
927 1950 958 2003 et
979 1940 1114 2024 figuram
1135 1935 1194 2001 ho·

84 2059 184 2124 minis
215 2057 250 2119 in
281 2075 321 2118 eo
341 2071 545 2137 suspensam,
582 2048 707 2112 elevatis
728 2045 863 2110 brachiis
883 2058 914 2110 et
935 2047 1083 2121 extensis,
1120 2065 1194 2110 oum

84 2165 246 2231 infixione
279 2165 441 2228 clerorum
470 2161 502 2222 in
533 2155 676 2222 manibus
707 2165 738 2217 et
766 2154 899 2240 pedibus
925 2163 957 2216 et
978 2153 1083 2236 capite
1103 2152 1195 2216 incli-

4 2303 5 2310 ¹
85 2285 183 2340 nato.
226 2272 312 2335 Haec
344 2269 447 2334 media
479 2267 537 2330 fuit
569 2266 651 2328 inter
682 2263 758 2327 alias
787 2261 886 2335 duas,
920 2261 955 2323 in
989 2260 1104 2346 quibus
1124 2280 1195 2326 nou

85 2394 156 2451 erat
179 2381 296 2465 effigies
318 2376 445 2442 humani
465 2373 617 2457 corporis.
660 2372 728 2434 Atia
751 2370 818 2434 rice
838 2370 873 2432 iu
896 2368 958 2434 aiio
978 2389 1064 2455 pago
1085 2369 1197 2433 Frisiae

5 2471 6 2498 ¹
87 2489 232 2558 eiusdem
264 2485 397 2551 diocesis
427 2482 554 2546 nomine
575 2478 765 2542 Sutcrhusen
788 2487 930 2562 tempore
950 2478 1197 2560 praedicationis

5 2599 8 2645 ³·
88 2600 196 2668 crucis
217 2593 364 2680 apparuit
385 2591 472 2654 iuxta
493 2588 590 2651 solem
611 2607 676 2650 una
691 2607 768 2649 crux
785 2586 922 2649 coerulei
937 2587 1062 2652 coloris.
1094 2588 1196 2652 Tertia

4 2725 8 2787 ζ
87 2713 149 2775 suit
183 2702 339 2790 apparitio
378 2701 412 2764 in
442 2697 560 2761 diocesi
590 2693 777 2758 Traiecteusi
806 2693 842 2754 in
873 2712 959 2776 pago
993 2695 1198 2778 Dookinghae

5 2863 8 2899 ,
89 2820 194 2903 (nuuc
217 2809 375 2892 Dockum)
410 2809 444 2870 in
465 2825 532 2891 quo
554 2803 664 2866 beatus
685 2800 867 2865 Bonifncius
886 2800 1051 2883 episcopus
1071 2801 1199 2866 Treiec-

5 2903 6 2914 1
90 2928 185 2994 tensis
216 2930 385 2988 coronatus
418 2918 476 2981 suit
508 2913 670 2998 martyrio.
714 2911 775 2975 Ubi
806 2911 838 2974 iu
870 2909 922 2974 die
954 2908 1097 2994 martyris
1117 2909 1198 2971 eius·

89 3039 187 3110 dem,
213 3051 287 3097 cum
308 3027 405 3091 inulta
427 3025 511 3088 mitio
534 3022 578 3087 ad
599 3021 753 3084 indictam
776 3018 941 3083 stationem
963 3017 1198 3090 convenissent,

4 3187 5 3190 κ
92 3141 243 3232 apparuit
264 3157 341 3203 crux
363 3155 481 3218 magna
502 3142 532 3195 et
554 3129 647 3204 alba,
682 3127 766 3191 acsi
788 3125 874 3189 trabs
893 3145 931 3189 ex
953 3126 1084 3190 adverso
1106 3124 1201 3189 trabis

91 3248 302 3318 artificialiter
336 3241 511 3326 composita
545 3247 624 3301 erat.
668 3233 855 3300 movebatur
873 3235 1025 3318 pandatim
1048 3235 1089 3299 ab
1110 3237 1203 3320 aqui·

0 3365 1 3372 ’
91 3364 172 3427 lone
204 3357 248 3422 ad
278 3350 450 3418 meridiem.
496 3348 564 3410 Hoc
596 3344 721 3430 signum
751 3342 883 3408 vidimus
912 3363 1034 3414 omues.
1078 3344 1125 3408 Ex
1157 3343 1203 3408 his

92 3468 200 3535 verbis
231 3471 363 3550 apparet
392 3461 495 3544 ipsum
515 3453 705 3527 oliverium,
737 3451 793 3514 ino
814 3451 865 3514 die
886 3450 964 3513 dum
984 3450 1048 3514 hoc
1069 3444 1204 3536 contigit

94 3581 132 3644 in
180 3573 325 3640 Dockum
356 3564 577 3655 praedicasse,
620 3570 675 3624 aut
707 3558 816 3622 saltem
846 3557 976 3622 stationi
1007 3558 1202 3636 interfuisse,

0 3685 1 3690 ’
96 3686 178 3773 quia
208 3681 351 3746 ordimur
384 3693 495 3738 omnes
527 3667 615 3734 dicit.
666 3666 719 3729 His
747 3665 840 3750 igitur
871 3664 1021 3750 prodigiis
1054 3667 1206 3732 Divinitas

1 4416 3 4522 t

105 3848 241 3869 ‘—

141 3939 186 4010 (*)
224 3935 308 3989 Haud
336 3931 437 3986 dubito
456 3927 525 3997 quin
542 3922 689 3992 legendum
708 3921 765 3975 eit:
787 3922 876 3975 tertia
894 3921 925 3972 in
942 3922 1031 3972 medio
1049 3919 1139 3984 coelo,
1159 3939 1210 3972 co-

102 4035 202 4087 lorata
219 4031 273 4083 rel.
310 4026 389 4080 Haec
415 4023 503 4092 igitur
530 4019 621 4087 figure
644 4030 702 4066 non
729 4015 793 4066 alba
818 4021 891 4079 eret,
921 4013 969 4066 sed
988 4013 1045 4065 uuir
1064 4013 1209 4067 coloribus

104 4128 248 4183 referebat
272 4131 300 4176 et
328 4119 418 4174 crucis
445 4115 566 4184 speciem
584 4117 613 4164 ct
639 4108 761 4162 hominis
787 4109 926 4176 suspensi.
963 4106 1061 4175 Neque
1080 4106 1159 4177 haec,
1180 4117 1212 4160 ut

107 4224 188 4286 illae,
219 4235 287 4272 crux
317 4221 378 4268 erat
397 4210 567 4281 aequilatera
587 4198 657 4275 st),
678 4203 727 4256 sed
745 4201 836 4254 crucis
852 4199 1015 4269 patibulum
1034 4202 1095 4272 (†).
