2916 5150
270 481 331 548 17⁴
689 476 908 544 WORPERI

266 648 417 724 ieetensi,
451 647 535 712 venit
567 647 602 710 in
635 645 838 730 Follenhoeg.
882 646 984 728 Quem
1011 644 1096 709 Frisii
1117 645 1233 706 intrare
1254 653 1378 708 terram

267 777 378 822 eorum
410 756 485 820 utile
513 777 581 821 non
614 755 815 829 iudicantes,
845 764 1055 820 occurrerunt
1085 753 1113 819 ei
1145 753 1181 816 in
1203 753 1277 816 loco
1299 774 1377 818 non

263 867 378 950 procui
399 885 418 930 a
439 864 632 950 Follenboeg
652 863 741 929 dioto
763 865 919 949 Berlaayl,
943 863 997 928 ubi
1017 863 1072 927 diu
1095 860 1227 945 ancipiti
1247 863 1376 945 proelio

265 983 421 1038 certatum
452 983 498 1037 est
527 974 650 1060 magnis
680 970 805 1037 viribus.
848 971 988 1036 Tandem
1022 970 1106 1036 Frisii
1139 969 1235 1044 vieti,
1266 970 1374 1053 plures

265 1082 461 1158 eeoidenmt,
474 1083 590 1146 caeteri
610 1081 684 1167 fuga
705 1079 815 1146 salvati
833 1089 924 1154 aunt.
936 1101 1021 1144 anno
1037 1079 1159 1144 Domini
1171 1078 1371 1143 meeemiii.

265 1191 303 1254 Et
334 1209 472 1255 reversus
502 1199 547 1253 est
578 1187 756 1261 Reinaldua
787 1207 893 1252 comes
922 1189 1044 1253 Gelriae
1062 1188 1098 1251 in
1121 1197 1237 1252 terram
1257 1207 1369 1262 mam.

266 1319 330 1363 nee
362 1298 444 1361 ultra
475 1298 623 1383 apposuit
656 1297 844 1381 impugnare
865 1295 1003 1362 Frisiam.
1048 1297 1134 1361 Haee
1155 1295 1370 1380 anticipando

266 1427 429 1472 annorum
461 1406 627 1483 ordinem,
673 1406 798 1471 rationo
829 1405 1067 1488 praedictarum
1098 1405 1279 1482 literarum,
1323 1403 1373 1470 bis

265 1516 376 1599 paneis
396 1515 484 1580 diota
504 1514 677 1583 sufficiant.
720 1513 816 1578 Nune
837 1508 880 1576 ad
901 1513 1049 1578 ordinem
1070 1525 1269 1581 revertamur.

300 1991 426 2050 titntdo
454 1992 662 2063 eptaeopns
679 1991 943 2050 heteetensts
961 1992 1093 2062 eoepit
1110 1993 1333 2051 aedtneare

552 2085 723 2143 eastrum
739 2088 782 2143 tn
800 2085 1080 2156 mellinum.

675 2286 763 2353 CAP.
785 2286 957 2354 xxxvtn.

307 2507 408 2566 Anno
438 2502 565 2566 Domini
599 2499 723 2567 mooexi
755 2501 860 2567 Guido
879 2501 933 2566 xlii
953 2503 1121 2588 episeopus
1141 2503 1365 2581 Traieotensis‚

263 2621 399 2698 patruus
420 2610 580 2676 Wilbetmi
612 2609 704 2675 buius
735 2611 872 2676 nominis
911 2612 992 2676 tertii
1024 2613 1147 2677 comitis
1176 2613 1370 2680 fluitandiae

265 2719 320 2803 (de
348 2739 416 2806 quo
447 2720 556 2802 inira),
588 2718 661 2784 iorti
693 2728 889 2805 congregato
910 2719 1048 2784 exercitu
1069 2720 1174 2805 eoepit
1195 2722 1370 2787 aedificare

263 2838 401 2893 oestrum
434 2830 469 2892 in
501 2828 733 2913 Steliingwerf,
775 2826 948 2892 intendens
979 2828 1064 2892 iliam
1097 2829 1210 2893 Frisiae
1239 2841 1368 2916 partem

262 2959 321 3024 per
350 2937 426 3001 ittud
459 2956 517 2999 suo
538 2933 701 3020 subiugum
722 2933 878 3000 dominio.
921 2936 1052 3000 Interim
1074 2937 1238 3021 episeopus
1258 2938 1369 3004 Guido

262 3054 394 3110 vocatus
423 3051 468 3107 est
498 3063 517 3106 a
547 3042 707 3108 Clemente
737 3043 853 3128 quinto
884 3042 926 3108 ad
959 3044 1138 3110 Viennense
1169 3045 1365 3126 concilium,

262 3173 362 3238 quare
392 3151 573 3236 computans
603 3161 648 3215 est
680 3171 760 3236 opus
792 3152 954 3236 inceptum
976 3150 1142 3217 dimittere.
1185 3153 1278 3218 'luno
1297 3155 1368 3219 Fri·

173 3245 175 3252 ’
260 3279 356 3324 sones
384 3260 425 3322 de
446 3259 677 3342 Stellingwert,
702 3257 833 3324 absente
853 3261 1003 3344 episcopo
1025 3269 1056 3324 et
1077 3261 1143 3325 eius
1163 3273 1264 3327 morte
1284 3263 1369 3328 falso

260 3367 472 3441 denuntiata,
507 3366 688 3450 indignati,
711 3367 980 3450 primoomnium
1003 3390 1083 3453 opus
1101 3389 1159 3454 per
1178 3371 1366 3456 episcopum

257 3475 447 3540 inchoatum
490 3475 633 3538 funditus
675 3473 814 3539 demoliti
853 3486 939 3542 sunt.
992 3477 1127 3562 Insuper
1156 3489 1294 3543 oastrum
1323 3479 1368 3544 de

256 3583 470 3670 Foiienhoegb
490 3581 657 3647 obsidione
676 3582 840 3647 durissima
862 3584 1047 3660 cinxerunt,
1060 3585 1129 3649 sine
1139 3587 1368 3653 intermissione

254 3693 334 3756 iliud
373 3693 606 3776 impugnantes.
655 3690 799 3755 Tandem
831 3691 974 3756 Frisones
1002 3693 1148 3758 feoerunt
1178 3694 1365 3762 machinam

254 3801 393 3886 ligneam
414 3800 512 3863 mirae
533 3798 705 3862 altitudinis
727 3795 824 3861 tribus
844 3797 1015 3864 interstitiis
1035 3801 1238 3878 distinctam,
1274 3827 1383 3891 quae

256 3909 455 3974 altitudinem
477 3910 568 3970 turris
588 3916 620 3970 et
642 3925 803 3970 murorum
823 3905 996 3976 eminebat.
1041 3909 1085 3972 De
1106 3929 1230 3976 summo
1251 3922 1361 3978 autem

254 4019 421 4082 interstitio
450 4015 636 4102 pugnabant
659 4017 705 4079 vet
726 4016 936 4100 proiieiebant
970 4019 1080 4082 lateres
1111 4019 1147 4083 iu
1168 4022 1363 4087 summitates

253 4145 425 4192 murorum.
467 4126 510 4188 Ex
532 4103 675 4200 seeundo
696 4145 749 4188 seu
770 4124 876 4190 medio
897 4124 1086 4211 pugnabant
1120 4129 1221 4191 acutia
1251 4128 1365 4195 iaculis

252 4244 284 4297 et
305 4233 437 4317 spiculis.
473 4233 517 4295 Ex
540 4211 726 4297 tertio'vero
747 4244 778 4298 et
798 4234 911 4300 infimo
933 4234 1082 4300 euntibus
1102 4245 1132 4298 et
1155 4237 1220 4300 aliis
1242 4236 1364 4303 obtusis
