2950 5144
285 458 330 524 58
741 450 964 518 WORI’ERI
1101 491 1104 496 ·

286 730 538 816 archiepiscopus
569 729 757 806 ordinatur,
788 738 824 791 ut
852 728 938 792 intro
958 727 1050 792 lolius
1070 727 1202 793 dicetur.
1245 727 1400 792 Similiter

1357 67 1372 84 st

285 622 416 688 librordi
456 621 595 707 episcopi
635 621 810 686 Traiectum
839 619 973 684 rediens.
995 620 1152 710 secundus
1183 618 1402 684 Treiectensis
1463 677 1465 684 ,

1463 691 1465 824 l

286 850 319 905 et
345 848 459 906 sancto
491 839 583 906 Wiro
616 839 778 903 Deirorum
810 837 976 923 episcopus
996 847 1028 902 et
1047 844 1177 901 sanctus
1197 835 1400 900 Plecbelmus
1463 829 1465 882 l

286 947 452 1038 episcopus
473 949 514 1014 de
534 949 632 1015 ltlsssa
645 946 687 1032 (³⁶)
703 946 861 1021 condida,
884 956 1013 1010 sanctus
1027 943 1181 1029 othgerus
1201 944 1292 1010 levite
1316 965 1397 1010 cum

286 1055 443 1140 plerisque
463 1053 530 1118 eliis
560 1055 700 1140 gloriosis
719 1053 935 1119 sacerdotibus
956 1064 986 1118 et
1007 1051 1291 1137 praedicatoribus.
1336 1053 1398 1118 Cui

287 1173 418 1228 sanctae
438 1162 560 1249 synodo
589 1165 693 1228 sancti
714 1159 937 1227 willibrordus
969 1172 1002 1226 et
1021 1160 1218 1230 Swidbertus
1238 1163 1397 1226 antistites

287 1271 425 1335 luerunt.
454 1271 491 1334 ln
512 1293 578 1356 quo
599 1272 783 1336 conclusum
803 1280 835 1334 et
856 1268 1025 1336 definitum
1043 1270 1116 1345 luit,
1131 1279 1166 1333 ut
1176 1289 1289 1334 omnes
1299 1269 1395 1354 primi
1464 1297 1465 1302 1

287 1378 525 1462 praedicatores
556 1383 589 1444 in
622 1390 764 1444 externas
797 1378 978 1463 provincias
1007 1377 1230 1463 praedicerent
1263 1377 1396 1446 verbum

289 1485 361 1559 llei,
394 1486 508 1550 sancto
540 1498 648 1552 tomen
671 1484 877 1552 Willibrordo
907 1487 942 1550 in
975 1507 1032 1551 suo
1063 1486 1253 1552 Traiectonsi
1276 1484 1396 1551 diocesi

288 1604 504 1677 permanente.
534 1595 575 1658 ln
596 1615 662 1679 quo
683 1593 834 1658 docendo
855 1603 887 1658 et
908 1595 1101 1659 sanctissime
1122 1595 1276 1670 virendo,
1297 1593 1395 1660 verbo

290 1709 321 1766 et
353 1701 496 1785 exemplo
527 1701 585 1766 sibi
606 1701 761 1766 subiectos
781 1701 817 1765 in
838 1698 948 1766 Christi
968 1702 1065 1769 fidem
1084 1702 1293 1780 instruendo,
1317 1703 1396 1769 obiit

289 1811 403 1894 plenus
435 1807 557 1872 dierum
589 1818 620 1872 et
641 1809 803 1883 virtutum,
826 1816 997 1892 postquem
1018 1807 1248 1873 Traiectensem
1269 1809 1397 1874 reximet

290 1917 455 1983 ecclesium
486 1915 518 1978 xl
540 1916 658 1995 annis,
680 1935 768 1979 anno
789 1913 932 1979 videlicet
953 1916 1080 1980 Domini
1101 1916 1241 1999 viipxxrr
1262 1918 1396 2001 septimo

291 2022 361 2087 idus
397 2021 588 2088 Novembris.
632 2022 752 2087 (laeteri
783 2043 858 2088 rero
878 2021 939 2088 bac
958 2024 1096 2109 illacque
1117 2024 1246 2111 dispersi
1266 2036 1397 2112 propter

292 2132 422 2198 verbum
443 2133 499 2196 llei
520 2132 643 2197 cunctis
662 2129 808 2219 gentibus
828 2131 1096 2216 praedicendum,
1132 2144 1205 2217 post
1225 2135 1397 2200 multorum

292 2260 489 2326 paganorum
511 2239 761 2384 conversionem'
771 2237 886 2303 salubri
906 2241 971 2305 fine
991 2241 1026 2304 in
1047 2239 1168 2308 Christo
1188 2244 1386 2329 quieveruut.

313 2747 371 2806 lte
389 2745 514 2803 morte
532 2747 574 2802 et
591 2746 885 2804 cenomsottorrc
902 2749 1030 2805 sancti
1048 2747 1256 2808 §mouera
1274 2754 1383 2822 opis·

386 2840 475 2909 copt
492 2838 742 2907 werdensts,
763 2837 904 2896 carolo
921 2832 1057 2912 blegne
1075 2844 1313 2915 smper-sore
1464 2857 1465 2864 ¹

617 2930 658 2985 et
675 2929 805 2988 Leone
823 2930 943 2987 tertlo
961 2946 1079 3004 popo.

749 3130 838 3201 CAP.
858 3131 945 3197 Xlll.

341 3350 477 3413 Sanctus
497 3353 603 3410 autem
624 3345 818 3413 Swidbertus
839 3349 1047 3435 coepiscopus
1067 3355 1169 3417 sancti
1182 3353 1400 3436 willibrordi,

298 3467 468 3546 postquem
498 3453 601 3518 multis
633 3454 725 3520 annis
755 3477 828 3520 cum
858 3457 967 3524 labore
1000 3481 1117 3546 magno
1148 3473 1180 3526 et
1201 3459 1325 3529 fervore
1343 3488 1401 3552 per

298 3567 443 3642 Frisium,
477 3562 705 3648 Westpbnlisrn
725 3573 756 3628 et
778 3563 1019 3633 Boructuorinm
1040 3570 1270 3654 praedicasset,
1302 3577 1401 3640 oravit

300 3674 421 3738 assidue
449 3671 637 3747 Dominum,
672 3680 707 3734 ut
736 3672 765 3759 ei
796 3675 860 3736 ism
889 3676 953 3738 seni
982 3678 1092 3758 locum¹
1120 3682 1319 3762 ostenderet,
1349 3685 1400 3750 ubi

299 3779 440 3846 habitere
470 3777 607 3844 deberet.
653 3778 716 3859 Qui
748 3778 877 3843 tandem
908 3785 1053 3870 angelica
1084 3787 1266 3854 admonitus
1286 3793 1401 3860 revela·

300 3887 391 3955 tione
410 3886 580 3952 Coloniam
599 3885 644 3949 ire
665 3885 876 3972 praecipitur,
900 3890 942 3954 nd
963 3893 1110 3959 illustrem
1131 3898 1311 3984 principem
1331 3903 1403 3987 Pip-

300 3998 413 4084 pinum
433 4005 465 4060 et
484 3994 683 4060 Plectrudem
705 3995 770 4059 eius
792 3998 960 4086 coniugem
982 4005 1140 4076 devotam.
1175 4009 1231 4076 Cui
1254 4011 1403 4098 l‘ippinus

298 4133 458 4150 m

338 4201 383 4271 (s)
421 4205 457 4255 el.
479 4209 553 4258 Casa
572 4204 712 4263 candidar
735 4205 877 4257 thrrrrr.
