<?xml version="1.0" encoding="UTF-8"?>
<!DOCTYPE html PUBLIC "-//W3C//DTD XHTML 1.0 Transitional//EN"
    "http://www.w3.org/TR/xhtml1/DTD/xhtml1-transitional.dtd">
<html xmlns="http://www.w3.org/1999/xhtml" xml:lang="en" lang="en">
 <head>
  <title>
</title>
<meta http-equiv="Content-Type" content="text/html;charset=utf-8" />
  <meta name='ocr-system' content='tesseract 3.04.00' />
  <meta name='ocr-capabilities' content='ocr_page ocr_carea ocr_par ocr_line ocrx_word'/>
</head>
<body>
  <div class='ocr_page' id='page_1' title='image "./worperityaerdae00worpgoog_0211.png"; bbox 0 0 2916 5150; ppageno 0'>
   <div class='ocr_carea' id='block_1_1' title="bbox 471 453 1141 524">
    <p class='ocr_par' dir='ltr' id='par_1_1' title="bbox 471 453 1141 524">
     <span class='ocr_line' id='line_1_1' title="bbox 471 453 1141 524; baseline -0.006 0"><span class='ocrx_word' id='word_1_1' title='bbox 471 453 717 524; x_wconf 79' lang='lat' dir='ltr'><strong>cuttotttcott.</strong></span> <span class='ocrx_word' id='word_1_2' title='bbox 1087 455 1141 520; x_wconf 86' lang='lat' dir='ltr'><strong>tat</strong></span> 
     </span>
    </p>
   </div>
   <div class='ocr_carea' id='block_1_2' title="bbox 0 590 1157 3764">
    <p class='ocr_par' dir='ltr' id='par_1_2' title="bbox 0 590 1157 3764">
     <span class='ocr_line' id='line_1_2' title="bbox 63 590 1151 712; baseline -0.003 -23"><span class='ocrx_word' id='word_1_3' title='bbox 63 626 155 690; x_wconf 85' lang='lat' dir='ltr'><strong>lactus</strong></span> <span class='ocrx_word' id='word_1_4' title='bbox 176 634 221 691; x_wconf 89' lang='lat' dir='ltr'><strong>est</strong></span> <span class='ocrx_word' id='word_1_5' title='bbox 256 627 297 692; x_wconf 88' lang='lat' dir='ltr'><strong>de</strong></span> <span class='ocrx_word' id='word_1_6' title='bbox 311 590 316 610; x_wconf 39' lang='grc' dir='ltr'>Ι</span> <span class='ocrx_word' id='word_1_7' title='bbox 329 629 492 694; x_wconf 87' lang='lat' dir='ltr'><strong>voluntate</strong></span> <span class='ocrx_word' id='word_1_8' title='bbox 513 627 708 712; x_wconf 85' lang='lat' dir='ltr'><strong>llargaretae</strong></span> <span class='ocrx_word' id='word_1_9' title='bbox 729 624 932 709; x_wconf 73' lang='lat' dir='ltr'><strong>imperatricis</strong></span> <span class='ocrx_word' id='word_1_10' title='bbox 953 621 1151 686; x_wconf 87' lang='lat' dir='ltr'><strong>matrissuae</strong></span> 
     </span>
     <span class='ocr_line' id='line_1_3' title="bbox 0 710 1153 817; baseline -0.003 -19"><span class='ocrx_word' id='word_1_11' title='bbox 0 710 1 771; x_wconf 63' lang='lat' dir='ltr'><strong>l</strong></span> <span class='ocrx_word' id='word_1_12' title='bbox 63 735 225 799; x_wconf 88' lang='lat' dir='ltr'><strong>rricomes</strong></span> <span class='ocrx_word' id='word_1_13' title='bbox 246 735 446 800; x_wconf 86' lang='lat' dir='ltr'><strong>llcllandiae.</strong></span> <span class='ocrx_word' id='word_1_14' title='bbox 479 735 541 816; x_wconf 85' lang='lat' dir='ltr'><strong>Qui</strong></span> <span class='ocrx_word' id='word_1_15' title='bbox 562 733 672 798; x_wconf 91' lang='lat' dir='ltr'><strong>habuit</strong></span> <span class='ocrx_word' id='word_1_16' title='bbox 692 753 821 797; x_wconf 85' lang='lat' dir='ltr'><strong>uxorem</strong></span> <span class='ocrx_word' id='word_1_17' title='bbox 837 733 1043 817; x_wconf 80' lang='lat' dir='ltr'><strong>llargaretam</strong></span> <span class='ocrx_word' id='word_1_18' title='bbox 1053 731 1153 795; x_wconf 90' lang='lat' dir='ltr'><strong>filiam</strong></span> 
     </span>
     <span class='ocr_line' id='line_1_4' title="bbox 63 841 1153 931; baseline 0 -25"><span class='ocrx_word' id='word_1_19' title='bbox 63 843 143 908; x_wconf 84' lang='lat' dir='ltr'><strong>ducis</strong></span> <span class='ocrx_word' id='word_1_20' title='bbox 174 843 414 931; x_wconf 88' lang='lat' dir='ltr'><strong>Lotharingiae,</strong></span> <span class='ocrx_word' id='word_1_21' title='bbox 447 865 531 930; x_wconf 89' lang='lat' dir='ltr'><strong>quae</strong></span> <span class='ocrx_word' id='word_1_22' title='bbox 552 845 660 929; x_wconf 86' lang='lat' dir='ltr'><strong>genuit</strong></span> <span class='ocrx_word' id='word_1_23' title='bbox 680 844 708 906; x_wconf 88' lang='lat' dir='ltr'><strong>ci</strong></span> <span class='ocrx_word' id='word_1_24' title='bbox 729 841 890 907; x_wconf 82' lang='lat' dir='ltr'><strong>Albertum</strong></span> <span class='ocrx_word' id='word_1_25' title='bbox 913 842 1027 906; x_wconf 91' lang='lat' dir='ltr'><strong>ducem</strong></span> <span class='ocrx_word' id='word_1_26' title='bbox 1048 841 1153 906; x_wconf 85' lang='lat' dir='ltr'><strong>Dara·</strong></span> 
     </span>
     <span class='ocr_line' id='line_1_5' title="bbox 62 949 1152 1036; baseline -0.002 -20"><span class='ocrx_word' id='word_1_27' title='bbox 62 955 134 1029; x_wconf 86' lang='lat' dir='ltr'><strong>riae,</strong></span> <span class='ocrx_word' id='word_1_28' title='bbox 158 953 361 1020; x_wconf 89' lang='lat' dir='ltr'><strong>Wilhelmum</strong></span> <span class='ocrx_word' id='word_1_29' title='bbox 383 954 531 1019; x_wconf 88' lang='lat' dir='ltr'><strong>comitem</strong></span> <span class='ocrx_word' id='word_1_30' title='bbox 552 952 592 1016; x_wconf 90' lang='lat' dir='ltr'><strong>de</strong></span> <span class='ocrx_word' id='word_1_31' title='bbox 614 949 835 1028; x_wconf 85' lang='lat' dir='ltr'><strong>Oesterwant,</strong></span> <span class='ocrx_word' id='word_1_32' title='bbox 859 951 914 1036; x_wconf 89' lang='lat' dir='ltr'><strong>qui</strong></span> <span class='ocrx_word' id='word_1_33' title='bbox 935 961 1008 1036; x_wconf 86' lang='lat' dir='ltr'><strong>post</strong></span> <span class='ocrx_word' id='word_1_34' title='bbox 1028 963 1152 1036; x_wconf 89' lang='lat' dir='ltr'><strong>patrem</strong></span> 
     </span>
     <span class='ocr_line' id='line_1_6' title="bbox 62 1057 1153 1144; baseline -0.004 -18"><span class='ocrx_word' id='word_1_35' title='bbox 62 1062 152 1126; x_wconf 88' lang='lat' dir='ltr'><strong>factus</strong></span> <span class='ocrx_word' id='word_1_36' title='bbox 183 1073 229 1128; x_wconf 85' lang='lat' dir='ltr'><strong>eat</strong></span> <span class='ocrx_word' id='word_1_37' title='bbox 262 1082 368 1128; x_wconf 88' lang='lat' dir='ltr'><strong>eomes</strong></span> <span class='ocrx_word' id='word_1_38' title='bbox 390 1060 601 1136; x_wconf 88' lang='lat' dir='ltr'><strong>llollandiae,</strong></span> <span class='ocrx_word' id='word_1_39' title='bbox 633 1057 813 1124; x_wconf 78' lang='lat' dir='ltr'><strong>Iohannem</strong></span> <span class='ocrx_word' id='word_1_40' title='bbox 835 1060 1017 1144; x_wconf 91' lang='lat' dir='ltr'><strong>episcopum</strong></span> <span class='ocrx_word' id='word_1_41' title='bbox 1039 1057 1153 1123; x_wconf 83' lang='lat' dir='ltr'><strong>Laodi·</strong></span> 
     </span>
     <span class='ocr_line' id='line_1_7' title="bbox 63 1167 1153 1252; baseline -0.001 -20"><span class='ocrx_word' id='word_1_42' title='bbox 63 1189 175 1244; x_wconf 80' lang='lat' dir='ltr'>ensem,</span> <span class='ocrx_word' id='word_1_43' title='bbox 201 1167 409 1235; x_wconf 87' lang='lat' dir='ltr'><strong>Katherinam</strong></span> <span class='ocrx_word' id='word_1_44' title='bbox 430 1169 588 1234; x_wconf 85' lang='lat' dir='ltr'><strong>ducissam</strong></span> <span class='ocrx_word' id='word_1_45' title='bbox 610 1167 775 1243; x_wconf 87' lang='lat' dir='ltr'><strong>Geldriae,</strong></span> <span class='ocrx_word' id='word_1_46' title='bbox 807 1167 988 1233; x_wconf 83' lang='lat' dir='ltr'><strong>Iohannem</strong></span> <span class='ocrx_word' id='word_1_47' title='bbox 1010 1169 1153 1252; x_wconf 84' lang='lat' dir='ltr'><strong>reginam</strong></span> 
     </span>
     <span class='ocr_line' id='line_1_8' title="bbox 62 1276 1153 1366; baseline 0.002 -26"><span class='ocrx_word' id='word_1_48' title='bbox 62 1276 244 1356; x_wconf 88' lang='lat' dir='ltr'><strong>Bohemiae,</strong></span> <span class='ocrx_word' id='word_1_49' title='bbox 270 1281 477 1366; x_wconf 86' lang='lat' dir='ltr'><strong>ldargaretam</strong></span> <span class='ocrx_word' id='word_1_50' title='bbox 500 1279 655 1345; x_wconf 83' lang='lat' dir='ltr'><strong>ducissam</strong></span> <span class='ocrx_word' id='word_1_51' title='bbox 678 1278 895 1362; x_wconf 86' lang='lat' dir='ltr'><strong>Burgundiae,</strong></span> <span class='ocrx_word' id='word_1_52' title='bbox 919 1288 949 1342; x_wconf 89' lang='lat' dir='ltr'><strong>et</strong></span> <span class='ocrx_word' id='word_1_53' title='bbox 970 1279 1153 1342; x_wconf 81' lang='lat' dir='ltr'><strong>Iohannem</strong></span> 
     </span>
     <span class='ocr_line' id='line_1_9' title="bbox 62 1386 1150 1462; baseline 0 -13"><span class='ocrx_word' id='word_1_54' title='bbox 62 1386 209 1452; x_wconf 82' lang='lat' dir='ltr'><strong>ducissam</strong></span> <span class='ocrx_word' id='word_1_55' title='bbox 243 1391 395 1454; x_wconf 79' lang='lat' dir='ltr'><strong>nustriae.</strong></span> <span class='ocrx_word' id='word_1_56' title='bbox 451 1391 512 1454; x_wconf 91' lang='lat' dir='ltr'><strong>Iste</strong></span> <span class='ocrx_word' id='word_1_57' title='bbox 541 1408 647 1456; x_wconf 89' lang='lat' dir='ltr'><strong>comes</strong></span> <span class='ocrx_word' id='word_1_58' title='bbox 678 1408 766 1452; x_wconf 87' lang='lat' dir='ltr'><strong>anno</strong></span> <span class='ocrx_word' id='word_1_59' title='bbox 798 1388 924 1452; x_wconf 83' lang='lat' dir='ltr'><strong>Domini</strong></span> <span class='ocrx_word' id='word_1_60' title='bbox 956 1387 1150 1462; x_wconf 83' lang='lat' dir='ltr'><strong>mccclxxiii,</strong></span> 
     </span>
     <span class='ocr_line' id='line_1_10' title="bbox 61 1495 1154 1584; baseline -0.001 -24"><span class='ocrx_word' id='word_1_61' title='bbox 61 1495 223 1562; x_wconf 88' lang='lat' dir='ltr'><strong>combussit</strong></span> <span class='ocrx_word' id='word_1_62' title='bbox 245 1496 446 1584; x_wconf 88' lang='lat' dir='ltr'><strong>Schellingen</strong></span> <span class='ocrx_word' id='word_1_63' title='bbox 477 1497 630 1573; x_wconf 88' lang='lat' dir='ltr'><strong>insulam,</strong></span> <span class='ocrx_word' id='word_1_64' title='bbox 665 1496 717 1561; x_wconf 89' lang='lat' dir='ltr'><strong>ubi</strong></span> <span class='ocrx_word' id='word_1_65' title='bbox 750 1497 899 1562; x_wconf 91' lang='lat' dir='ltr'><strong>nonnulli</strong></span> <span class='ocrx_word' id='word_1_66' title='bbox 930 1507 995 1561; x_wconf 91' lang='lat' dir='ltr'><strong>tam</strong></span> <span class='ocrx_word' id='word_1_67' title='bbox 1016 1497 1057 1562; x_wconf 94' lang='lat' dir='ltr'><strong>de</strong></span> <span class='ocrx_word' id='word_1_68' title='bbox 1077 1496 1154 1560; x_wconf 90' lang='lat' dir='ltr'><strong>llol·</strong></span> 
     </span>
     <span class='ocr_line' id='line_1_11' title="bbox 0 1592 1153 1692; baseline -0.001 -24"><span class='ocrx_word' id='word_1_69' title='bbox 0 1592 1 1595; x_wconf 34' lang='lat'>&#39;</span> <span class='ocrx_word' id='word_1_70' title='bbox 62 1605 162 1670; x_wconf 83' lang='lat' dir='ltr'><strong>landis</strong></span> <span class='ocrx_word' id='word_1_71' title='bbox 184 1627 285 1692; x_wconf 90' lang='lat' dir='ltr'><strong>quam</strong></span> <span class='ocrx_word' id='word_1_72' title='bbox 307 1605 348 1672; x_wconf 92' lang='lat' dir='ltr'><strong>de</strong></span> <span class='ocrx_word' id='word_1_73' title='bbox 368 1605 568 1692; x_wconf 82' lang='lat' dir='ltr'><strong>Schellingeu</strong></span> <span class='ocrx_word' id='word_1_74' title='bbox 590 1608 769 1692; x_wconf 76' lang='lat' dir='ltr'><strong>interempti</strong></span> <span class='ocrx_word' id='word_1_75' title='bbox 790 1617 873 1672; x_wconf 89' lang='lat' dir='ltr'><strong>sunt.</strong></span> <span class='ocrx_word' id='word_1_76' title='bbox 907 1613 1004 1670; x_wconf 84' lang='lat' dir='ltr'><strong>Auno</strong></span> <span class='ocrx_word' id='word_1_77' title='bbox 1025 1603 1153 1668; x_wconf 85' lang='lat' dir='ltr'><strong>Domini</strong></span> 
     </span>
     <span class='ocr_line' id='line_1_12' title="bbox 61 1712 1154 1800; baseline 0.002 -24"><span class='ocrx_word' id='word_1_78' title='bbox 61 1733 204 1781; x_wconf 84' lang='lat' dir='ltr'><strong>mcccxcv</strong></span> <span class='ocrx_word' id='word_1_79' title='bbox 237 1715 271 1779; x_wconf 94' lang='lat' dir='ltr'><strong>in</strong></span> <span class='ocrx_word' id='word_1_80' title='bbox 302 1715 380 1780; x_wconf 88' lang='lat' dir='ltr'><strong>lesto</strong></span> <span class='ocrx_word' id='word_1_81' title='bbox 412 1714 625 1800; x_wconf 85' lang='lat' dir='ltr'><strong>Epiphaniae,</strong></span> <span class='ocrx_word' id='word_1_82' title='bbox 649 1714 818 1780; x_wconf 89' lang='lat' dir='ltr'><strong>Wilhelmo</strong></span> <span class='ocrx_word' id='word_1_83' title='bbox 838 1715 905 1780; x_wconf 88' lang='lat' dir='ltr'><strong>filio</strong></span> <span class='ocrx_word' id='word_1_84' title='bbox 927 1714 1016 1780; x_wconf 89' lang='lat' dir='ltr'><strong>ducis</strong></span> <span class='ocrx_word' id='word_1_85' title='bbox 1035 1712 1154 1778; x_wconf 80' lang='lat' dir='ltr'><strong>Alberti</strong></span> 
     </span>
     <span class='ocr_line' id='line_1_13' title="bbox 61 1822 1154 1910; baseline 0.003 -25.789"><span class='ocrx_word' id='word_1_86' title='bbox 61 1822 205 1890; x_wconf 84' lang='lat' dir='ltr'><strong>Basariae</strong></span> <span class='ocrx_word' id='word_1_87' title='bbox 239 1834 271 1888; x_wconf 85' lang='lat' dir='ltr'><strong>et</strong></span> <span class='ocrx_word' id='word_1_88' title='bbox 304 1824 427 1889; x_wconf 89' lang='lat' dir='ltr'><strong>comitis</strong></span> <span class='ocrx_word' id='word_1_89' title='bbox 458 1825 645 1890; x_wconf 87' lang='lat' dir='ltr'><strong>llollandiae</strong></span> <span class='ocrx_word' id='word_1_90' title='bbox 676 1825 803 1890; x_wconf 87' lang='lat' dir='ltr'><strong>sedente</strong></span> <span class='ocrx_word' id='word_1_91' title='bbox 835 1824 877 1888; x_wconf 92' lang='lat' dir='ltr'><strong>ad</strong></span> <span class='ocrx_word' id='word_1_92' title='bbox 913 1845 1053 1890; x_wconf 88' lang='lat' dir='ltr'><strong>mensam</strong></span> <span class='ocrx_word' id='word_1_93' title='bbox 1075 1823 1154 1910; x_wconf 86' lang='lat' dir='ltr'><strong>regis</strong></span> 
     </span>
     <span class='ocr_line' id='line_1_14' title="bbox 60 1929 1154 2018; baseline 0.002 -26"><span class='ocrx_word' id='word_1_94' title='bbox 60 1929 227 2009; x_wconf 76' lang='lat' dir='ltr'><strong>Francius,</strong></span> <span class='ocrx_word' id='word_1_95' title='bbox 253 1933 335 1998; x_wconf 86' lang='lat' dir='ltr'><strong>venit</strong></span> <span class='ocrx_word' id='word_1_96' title='bbox 356 1932 507 1996; x_wconf 86' lang='lat' dir='ltr'><strong>Heraldus</strong></span> <span class='ocrx_word' id='word_1_97' title='bbox 526 1936 606 2018; x_wconf 85' lang='lat' dir='ltr'><strong>regis</strong></span> <span class='ocrx_word' id='word_1_98' title='bbox 625 1934 778 1999; x_wconf 82' lang='lat' dir='ltr'><strong>Franciae</strong></span> <span class='ocrx_word' id='word_1_99' title='bbox 798 1944 829 1998; x_wconf 86' lang='lat' dir='ltr'><strong>et</strong></span> <span class='ocrx_word' id='word_1_100' title='bbox 850 1934 940 1999; x_wconf 84' lang='lat' dir='ltr'><strong>scidit</strong></span> <span class='ocrx_word' id='word_1_101' title='bbox 961 1933 1099 1999; x_wconf 82' lang='lat' dir='ltr'><strong>mensale</strong></span> <span class='ocrx_word' id='word_1_102' title='bbox 1118 1932 1154 1994; x_wconf 93' lang='lat' dir='ltr'><strong>in</strong></span> 
     </span>
     <span class='ocr_line' id='line_1_15' title="bbox 62 2037 1154 2130; baseline 0.005 -29"><span class='ocrx_word' id='word_1_103' title='bbox 62 2037 129 2103; x_wconf 88' lang='lat' dir='ltr'><strong>duas</strong></span> <span class='ocrx_word' id='word_1_104' title='bbox 158 2051 268 2127; x_wconf 88' lang='lat' dir='ltr'><strong>partes</strong></span> <span class='ocrx_word' id='word_1_105' title='bbox 300 2052 376 2106; x_wconf 91' lang='lat' dir='ltr'><strong>ante</strong></span> <span class='ocrx_word' id='word_1_106' title='bbox 396 2041 500 2130; x_wconf 85' lang='lat' dir='ltr'><strong>illum,</strong></span> <span class='ocrx_word' id='word_1_107' title='bbox 536 2039 646 2106; x_wconf 89' lang='lat' dir='ltr'><strong>dicens</strong></span> <span class='ocrx_word' id='word_1_108' title='bbox 667 2042 752 2104; x_wconf 87' lang='lat' dir='ltr'><strong>illurn</strong></span> <span class='ocrx_word' id='word_1_109' title='bbox 773 2040 940 2127; x_wconf 89' lang='lat' dir='ltr'><strong>indignum</strong></span> <span class='ocrx_word' id='word_1_110' title='bbox 960 2063 1024 2107; x_wconf 88' lang='lat' dir='ltr'><strong>esse</strong></span> <span class='ocrx_word' id='word_1_111' title='bbox 1044 2063 1154 2108; x_wconf 89' lang='lat' dir='ltr'><strong>mensa</strong></span> 
     </span>
     <span class='ocr_line' id='line_1_16' title="bbox 61 2148 1154 2237; baseline 0.006 -27"><span class='ocrx_word' id='word_1_112' title='bbox 61 2149 155 2232; x_wconf 81' lang='lat' dir='ltr'><strong>regia,</strong></span> <span class='ocrx_word' id='word_1_113' title='bbox 188 2171 231 2215; x_wconf 89' lang='lat' dir='ltr'><strong>eo</strong></span> <span class='ocrx_word' id='word_1_114' title='bbox 263 2151 353 2237; x_wconf 89' lang='lat' dir='ltr'><strong>quod</strong></span> <span class='ocrx_word' id='word_1_115' title='bbox 386 2172 476 2215; x_wconf 86' lang='lat' dir='ltr'><strong>arma</strong></span> <span class='ocrx_word' id='word_1_116' title='bbox 507 2151 569 2216; x_wconf 84' lang='lat' dir='ltr'><strong>sive</strong></span> <span class='ocrx_word' id='word_1_117' title='bbox 598 2150 735 2236; x_wconf 87' lang='lat' dir='ltr'><strong>insignia</strong></span> <span class='ocrx_word' id='word_1_118' title='bbox 769 2168 837 2213; x_wconf 91' lang='lat' dir='ltr'><strong>non</strong></span> <span class='ocrx_word' id='word_1_119' title='bbox 871 2148 1021 2225; x_wconf 86' lang='lat' dir='ltr'><strong>haberet,</strong></span> <span class='ocrx_word' id='word_1_120' title='bbox 1069 2172 1154 2237; x_wconf 87' lang='lat' dir='ltr'><strong>quae</strong></span> 
     </span>
     <span class='ocr_line' id='line_1_17' title="bbox 62 2259 1154 2345; baseline 0.004 -25"><span class='ocrx_word' id='word_1_121' title='bbox 62 2259 151 2322; x_wconf 88' lang='lat' dir='ltr'><strong>amisit</strong></span> <span class='ocrx_word' id='word_1_122' title='bbox 170 2259 210 2322; x_wconf 91' lang='lat' dir='ltr'><strong>in</strong></span> <span class='ocrx_word' id='word_1_123' title='bbox 231 2259 347 2338; x_wconf 86' lang='lat' dir='ltr'><strong>Frisia,</strong></span> <span class='ocrx_word' id='word_1_124' title='bbox 370 2259 504 2345; x_wconf 91' lang='lat' dir='ltr'><strong>quando</strong></span> <span class='ocrx_word' id='word_1_125' title='bbox 525 2259 701 2324; x_wconf 87' lang='lat' dir='ltr'><strong>avunculus</strong></span> <span class='ocrx_word' id='word_1_126' title='bbox 721 2279 794 2322; x_wconf 89' lang='lat' dir='ltr'><strong>suus</strong></span> <span class='ocrx_word' id='word_1_127' title='bbox 814 2279 948 2344; x_wconf 91' lang='lat' dir='ltr'><strong>magnus</strong></span> <span class='ocrx_word' id='word_1_128' title='bbox 968 2259 1154 2325; x_wconf 88' lang='lat' dir='ltr'><strong>Wilhelmus</strong></span> 
     </span>
     <span class='ocr_line' id='line_1_18' title="bbox 61 2360 1155 2456; baseline 0.006 -29"><span class='ocrx_word' id='word_1_129' title='bbox 61 2365 165 2434; x_wconf 84' lang='lat' dir='ltr'><strong>ibidem</strong></span> <span class='ocrx_word' id='word_1_130' title='bbox 200 2369 384 2436; x_wconf 81' lang='lat' dir='ltr'><strong>interiectus</strong></span> <span class='ocrx_word' id='word_1_131' title='bbox 415 2369 484 2435; x_wconf 85' lang='lat' dir='ltr'><strong>suit.</strong></span> <span class='ocrx_word' id='word_1_132' title='bbox 540 2360 644 2451; x_wconf 86' lang='lat' dir='ltr'><strong>Quam</strong></span> <span class='ocrx_word' id='word_1_133' title='bbox 675 2369 896 2434; x_wconf 84' lang='lat' dir='ltr'><strong>confusionem</strong></span> <span class='ocrx_word' id='word_1_134' title='bbox 929 2390 1021 2456; x_wconf 81' lang='lat' dir='ltr'><strong>aegre</strong></span> <span class='ocrx_word' id='word_1_135' title='bbox 1051 2371 1155 2436; x_wconf 79' lang='lat' dir='ltr'><strong>lenens</strong></span> 
     </span>
     <span class='ocr_line' id='line_1_19' title="bbox 60 2474 1155 2567; baseline 0.005 -28"><span class='ocrx_word' id='word_1_136' title='bbox 60 2474 238 2542; x_wconf 87' lang='lat' dir='ltr'><strong>Wilhelmus</strong></span> <span class='ocrx_word' id='word_1_137' title='bbox 259 2499 333 2542; x_wconf 92' lang='lat' dir='ltr'><strong>cum</strong></span> <span class='ocrx_word' id='word_1_138' title='bbox 354 2477 573 2564; x_wconf 78' lang='lat' dir='ltr'><strong>indignatione</strong></span> <span class='ocrx_word' id='word_1_139' title='bbox 593 2482 723 2544; x_wconf 85' lang='lat' dir='ltr'><strong>surrexit</strong></span> <span class='ocrx_word' id='word_1_140' title='bbox 744 2480 784 2544; x_wconf 92' lang='lat' dir='ltr'><strong>de</strong></span> <span class='ocrx_word' id='word_1_141' title='bbox 805 2501 933 2557; x_wconf 91' lang='lat' dir='ltr'><strong>mensa,</strong></span> <span class='ocrx_word' id='word_1_142' title='bbox 955 2481 1155 2567; x_wconf 89' lang='lat' dir='ltr'><strong>salutatoque</strong></span> 
     </span>
     <span class='ocr_line' id='line_1_20' title="bbox 60 2585 1156 2672; baseline 0.009 -28"><span class='ocrx_word' id='word_1_143' title='bbox 60 2604 125 2670; x_wconf 84' lang='lat' dir='ltr'><strong>rege</strong></span> <span class='ocrx_word' id='word_1_144' title='bbox 152 2587 197 2652; x_wconf 93' lang='lat' dir='ltr'><strong>ad</strong></span> <span class='ocrx_word' id='word_1_145' title='bbox 231 2596 354 2671; x_wconf 86' lang='lat' dir='ltr'><strong>patrem</strong></span> <span class='ocrx_word' id='word_1_146' title='bbox 375 2586 525 2671; x_wconf 81' lang='lat' dir='ltr'><strong>perrexit,</strong></span> <span class='ocrx_word' id='word_1_147' title='bbox 558 2585 701 2652; x_wconf 90' lang='lat' dir='ltr'><strong>indicans</strong></span> <span class='ocrx_word' id='word_1_148' title='bbox 722 2587 774 2661; x_wconf 88' lang='lat' dir='ltr'><strong>ei,</strong></span> <span class='ocrx_word' id='word_1_149' title='bbox 808 2589 909 2672; x_wconf 89' lang='lat' dir='ltr'><strong>qualis</strong></span> <span class='ocrx_word' id='word_1_150' title='bbox 929 2588 985 2652; x_wconf 88' lang='lat' dir='ltr'><strong>sibi</strong></span> <span class='ocrx_word' id='word_1_151' title='bbox 1007 2590 1156 2655; x_wconf 87' lang='lat' dir='ltr'><strong>conlusio</strong></span> 
     </span>
     <span class='ocr_line' id='line_1_21' title="bbox 61 2691 1155 2782; baseline 0.007 -28"><span class='ocrx_word' id='word_1_152' title='bbox 61 2691 91 2756; x_wconf 91' lang='lat' dir='ltr'><strong>in</strong></span> <span class='ocrx_word' id='word_1_153' title='bbox 119 2697 209 2760; x_wconf 87' lang='lat' dir='ltr'><strong>curia</strong></span> <span class='ocrx_word' id='word_1_154' title='bbox 243 2697 322 2780; x_wconf 88' lang='lat' dir='ltr'><strong>regis</strong></span> <span class='ocrx_word' id='word_1_155' title='bbox 353 2696 507 2760; x_wconf 84' lang='lat' dir='ltr'><strong>Franciae</strong></span> <span class='ocrx_word' id='word_1_156' title='bbox 527 2695 613 2760; x_wconf 85' lang='lat' dir='ltr'><strong>lacta</strong></span> <span class='ocrx_word' id='word_1_157' title='bbox 633 2706 710 2760; x_wconf 88' lang='lat' dir='ltr'><strong>esset</strong></span> <span class='ocrx_word' id='word_1_158' title='bbox 730 2717 788 2780; x_wconf 85' lang='lat' dir='ltr'><strong>per</strong></span> <span class='ocrx_word' id='word_1_159' title='bbox 808 2697 955 2761; x_wconf 91' lang='lat' dir='ltr'><strong>comitem</strong></span> <span class='ocrx_word' id='word_1_160' title='bbox 977 2697 1018 2763; x_wconf 93' lang='lat' dir='ltr'><strong>de</strong></span> <span class='ocrx_word' id='word_1_161' title='bbox 1038 2699 1155 2782; x_wconf 81' lang='lat' dir='ltr'><strong>Nyvers</strong></span> 
     </span>
     <span class='ocr_line' id='line_1_22' title="bbox 61 2801 1156 2890; baseline 0.005 -26"><span class='ocrx_word' id='word_1_162' title='bbox 61 2801 230 2888; x_wconf 79' lang='lat' dir='ltr'><strong>dapiferum</strong></span> <span class='ocrx_word' id='word_1_163' title='bbox 263 2806 467 2870; x_wconf 87' lang='lat' dir='ltr'><strong>Hannoniac.</strong></span> <span class='ocrx_word' id='word_1_164' title='bbox 511 2804 607 2885; x_wconf 84' lang='lat' dir='ltr'><strong>Quod</strong></span> <span class='ocrx_word' id='word_1_165' title='bbox 641 2803 773 2870; x_wconf 86' lang='lat' dir='ltr'><strong>audiens</strong></span> <span class='ocrx_word' id='word_1_166' title='bbox 805 2815 896 2890; x_wconf 89' lang='lat' dir='ltr'><strong>pater</strong></span> <span class='ocrx_word' id='word_1_167' title='bbox 928 2804 992 2869; x_wconf 87' lang='lat' dir='ltr'><strong>eius</strong></span> <span class='ocrx_word' id='word_1_168' title='bbox 1012 2805 1156 2870; x_wconf 81' lang='lat' dir='ltr'><strong>Albertus</strong></span> 
     </span>
     <span class='ocr_line' id='line_1_23' title="bbox 59 2910 1157 2999; baseline 0.006 -26"><span class='ocrx_word' id='word_1_169' title='bbox 59 2910 147 2979; x_wconf 78' lang='lat' dir='ltr'><strong>irattss</strong></span> <span class='ocrx_word' id='word_1_170' title='bbox 175 2924 224 2978; x_wconf 84' lang='lat' dir='ltr'><strong>est</strong></span> <span class='ocrx_word' id='word_1_171' title='bbox 255 2914 357 2980; x_wconf 88' lang='lat' dir='ltr'><strong>valde.</strong></span> <span class='ocrx_word' id='word_1_172' title='bbox 409 2920 509 2977; x_wconf 83' lang='lat' dir='ltr'><strong>Anno</strong></span> <span class='ocrx_word' id='word_1_173' title='bbox 542 2913 636 2999; x_wconf 89' lang='lat' dir='ltr'><strong>igitur</strong></span> <span class='ocrx_word' id='word_1_174' title='bbox 666 2913 792 2978; x_wconf 84' lang='lat' dir='ltr'><strong>Domini</strong></span> <span class='ocrx_word' id='word_1_175' title='bbox 820 2916 983 2980; x_wconf 83' lang='lat' dir='ltr'><strong>mcccxcsi</strong></span> <span class='ocrx_word' id='word_1_176' title='bbox 1012 2915 1157 2980; x_wconf 81' lang='lat' dir='ltr'><strong>Albertus</strong></span> 
     </span>
     <span class='ocr_line' id='line_1_24' title="bbox 10 3020 1156 3110; baseline 0.002 -25"><span class='ocrx_word' id='word_1_177' title='bbox 10 3073 11 3076; x_wconf 62' lang='lat'><strong>,</strong></span> <span class='ocrx_word' id='word_1_178' title='bbox 60 3023 255 3110; x_wconf 82' lang='lat' dir='ltr'><strong>congregavit</strong></span> <span class='ocrx_word' id='word_1_179' title='bbox 296 3020 466 3088; x_wconf 80' lang='lat' dir='ltr'><strong>exercitum</strong></span> <span class='ocrx_word' id='word_1_180' title='bbox 500 3033 629 3086; x_wconf 89' lang='lat' dir='ltr'><strong>centum</strong></span> <span class='ocrx_word' id='word_1_181' title='bbox 662 3029 825 3108; x_wconf 89' lang='lat' dir='ltr'><strong>octoginta</strong></span> <span class='ocrx_word' id='word_1_182' title='bbox 855 3023 940 3090; x_wconf 90' lang='lat' dir='ltr'><strong>milia</strong></span> <span class='ocrx_word' id='word_1_183' title='bbox 969 3024 1156 3090; x_wconf 86' lang='lat' dir='ltr'><strong>bellatorum</strong></span> 
     </span>
     <span class='ocr_line' id='line_1_25' title="bbox 59 3131 1154 3219; baseline 0.005 -24"><span class='ocrx_word' id='word_1_184' title='bbox 59 3132 94 3196; x_wconf 85' lang='lat' dir='ltr'><strong>de</strong></span> <span class='ocrx_word' id='word_1_185' title='bbox 112 3134 266 3208; x_wconf 81' lang='lat' dir='ltr'><strong>Francia,</strong></span> <span class='ocrx_word' id='word_1_186' title='bbox 289 3131 426 3219; x_wconf 80' lang='lat' dir='ltr'><strong>Anglia,</strong></span> <span class='ocrx_word' id='word_1_187' title='bbox 449 3131 620 3215; x_wconf 83' lang='lat' dir='ltr'><strong>Hispania,</strong></span> <span class='ocrx_word' id='word_1_188' title='bbox 643 3131 800 3208; x_wconf 82' lang='lat' dir='ltr'><strong>Bararia,</strong></span> <span class='ocrx_word' id='word_1_189' title='bbox 822 3131 945 3209; x_wconf 80' lang='lat' dir='ltr'><strong>Gelda,</strong></span> <span class='ocrx_word' id='word_1_190' title='bbox 969 3134 1154 3211; x_wconf 82' lang='lat' dir='ltr'><strong>Hannonis,</strong></span> 
     </span>
     <span class='ocr_line' id='line_1_26' title="bbox 59 3239 1157 3315; baseline 0.005 -11"><span class='ocrx_word' id='word_1_191' title='bbox 59 3241 223 3308; x_wconf 85' lang='lat' dir='ltr'><strong>llollandia</strong></span> <span class='ocrx_word' id='word_1_192' title='bbox 246 3252 278 3307; x_wconf 86' lang='lat' dir='ltr'><strong>et</strong></span> <span class='ocrx_word' id='word_1_193' title='bbox 299 3240 465 3315; x_wconf 72' lang='lat' dir='ltr'><strong>zelandia,</strong></span> <span class='ocrx_word' id='word_1_194' title='bbox 490 3261 564 3304; x_wconf 90' lang='lat' dir='ltr'><strong>cum</strong></span> <span class='ocrx_word' id='word_1_195' title='bbox 586 3239 710 3306; x_wconf 89' lang='lat' dir='ltr'><strong>duobus</strong></span> <span class='ocrx_word' id='word_1_196' title='bbox 730 3240 800 3304; x_wconf 91' lang='lat' dir='ltr'><strong>filiis</strong></span> <span class='ocrx_word' id='word_1_197' title='bbox 809 3240 939 3307; x_wconf 82' lang='lat' dir='ltr'><strong>Alberto</strong></span> <span class='ocrx_word' id='word_1_198' title='bbox 960 3241 1001 3308; x_wconf 89' lang='lat' dir='ltr'><strong>de</strong></span> <span class='ocrx_word' id='word_1_199' title='bbox 1022 3244 1157 3311; x_wconf 85' lang='lat' dir='ltr'><strong>Davaria</strong></span> 
     </span>
     <span class='ocr_line' id='line_1_27' title="bbox 59 3347 1157 3432; baseline 0.005 -18"><span class='ocrx_word' id='word_1_200' title='bbox 59 3360 85 3414; x_wconf 89' lang='lat' dir='ltr'><strong>et</strong></span> <span class='ocrx_word' id='word_1_201' title='bbox 115 3352 308 3418; x_wconf 68' lang='lat' dir='ltr'><strong>wilhelmo</strong></span> <span class='ocrx_word' id='word_1_202' title='bbox 321 3351 361 3416; x_wconf 89' lang='lat' dir='ltr'><strong>de</strong></span> <span class='ocrx_word' id='word_1_203' title='bbox 391 3347 601 3417; x_wconf 86' lang='lat' dir='ltr'><strong>Oestarwant.</strong></span> <span class='ocrx_word' id='word_1_204' title='bbox 644 3349 706 3432; x_wconf 90' lang='lat' dir='ltr'><strong>Qui</strong></span> <span class='ocrx_word' id='word_1_205' title='bbox 739 3351 943 3416; x_wconf 83' lang='lat' dir='ltr'><strong>transfretato</strong></span> <span class='ocrx_word' id='word_1_206' title='bbox 964 3353 1042 3419; x_wconf 85' lang='lat' dir='ltr'><strong>llari</strong></span> <span class='ocrx_word' id='word_1_207' title='bbox 1062 3356 1157 3419; x_wconf 88' lang='lat' dir='ltr'><strong>meri·</strong></span> 
     </span>
     <span class='ocr_line' id='line_1_28' title="bbox 16 3459 1156 3548; baseline 0.006 -26"><span class='ocrx_word' id='word_1_208' title='bbox 16 3459 21 3471; x_wconf 85' lang='grc'><strong>“</strong></span> <span class='ocrx_word' id='word_1_209' title='bbox 59 3459 175 3526; x_wconf 90' lang='lat' dir='ltr'><strong>dionali</strong></span> <span class='ocrx_word' id='word_1_210' title='bbox 208 3460 361 3547; x_wconf 81' lang='lat' dir='ltr'><strong>applicuit</strong></span> <span class='ocrx_word' id='word_1_211' title='bbox 392 3481 465 3524; x_wconf 87' lang='lat' dir='ltr'><strong>curn</strong></span> <span class='ocrx_word' id='word_1_212' title='bbox 486 3468 624 3545; x_wconf 88' lang='lat' dir='ltr'><strong>quatuor</strong></span> <span class='ocrx_word' id='word_1_213' title='bbox 645 3460 768 3525; x_wconf 92' lang='lat' dir='ltr'><strong>milibus</strong></span> <span class='ocrx_word' id='word_1_214' title='bbox 788 3470 819 3524; x_wconf 90' lang='lat' dir='ltr'><strong>et</strong></span> <span class='ocrx_word' id='word_1_215' title='bbox 840 3463 1043 3548; x_wconf 81' lang='lat' dir='ltr'><strong>septingentis</strong></span> <span class='ocrx_word' id='word_1_216' title='bbox 1064 3465 1156 3529; x_wconf 87' lang='lat' dir='ltr'><strong>navi·</strong></span> 
     </span>
     <span class='ocr_line' id='line_1_29' title="bbox 58 3565 1153 3654; baseline 0.005 -22"><span class='ocrx_word' id='word_1_217' title='bbox 58 3565 112 3632; x_wconf 91' lang='lat' dir='ltr'><strong>bus</strong></span> <span class='ocrx_word' id='word_1_218' title='bbox 141 3571 305 3648; x_wconf 88' lang='lat' dir='ltr'><strong>rostratis,</strong></span> <span class='ocrx_word' id='word_1_219' title='bbox 340 3569 475 3654; x_wconf 87' lang='lat' dir='ltr'><strong>exceptis</strong></span> <span class='ocrx_word' id='word_1_220' title='bbox 503 3567 605 3632; x_wconf 89' lang='lat' dir='ltr'><strong>barcis</strong></span> <span class='ocrx_word' id='word_1_221' title='bbox 637 3568 768 3654; x_wconf 89' lang='lat' dir='ltr'><strong>aliisque</strong></span> <span class='ocrx_word' id='word_1_222' title='bbox 800 3570 931 3634; x_wconf 85' lang='lat' dir='ltr'><strong>navibus</strong></span> <span class='ocrx_word' id='word_1_223' title='bbox 963 3571 1153 3650; x_wconf 89' lang='lat' dir='ltr'><strong>minoribus,</strong></span> 
     </span>
     <span class='ocr_line' id='line_1_30' title="bbox 59 3675 1155 3764; baseline 0.004 -22"><span class='ocrx_word' id='word_1_224' title='bbox 59 3677 139 3744; x_wconf 86' lang='lat' dir='ltr'><strong>circa</strong></span> <span class='ocrx_word' id='word_1_225' title='bbox 159 3679 291 3754; x_wconf 87' lang='lat' dir='ltr'><strong>Cnnre‘,</strong></span> <span class='ocrx_word' id='word_1_226' title='bbox 325 3686 360 3741; x_wconf 93' lang='lat' dir='ltr'><strong>ut</strong></span> <span class='ocrx_word' id='word_1_227' title='bbox 381 3677 509 3741; x_wconf 85' lang='lat' dir='ltr'><strong>Frisiam</strong></span> <span class='ocrx_word' id='word_1_228' title='bbox 529 3675 586 3740; x_wconf 91' lang='lat' dir='ltr'><strong>sibi</strong></span> <span class='ocrx_word' id='word_1_229' title='bbox 607 3676 806 3764; x_wconf 85' lang='lat' dir='ltr'><strong>subiugaret,</strong></span> <span class='ocrx_word' id='word_1_230' title='bbox 842 3693 873 3743; x_wconf 92' lang='lat' dir='ltr'><strong>et</strong></span> <span class='ocrx_word' id='word_1_231' title='bbox 896 3691 1031 3745; x_wconf 86' lang='lat' dir='ltr'><strong>mortem</strong></span> <span class='ocrx_word' id='word_1_232' title='bbox 1053 3703 1155 3748; x_wconf 88' lang='lat' dir='ltr'><strong>avun-</strong></span> 
     </span>
    </p>
   </div>
   <div class='ocr_carea' id='block_1_3' title="bbox 58 3786 1157 4314">
    <p class='ocr_par' dir='ltr' id='par_1_3' title="bbox 58 3786 1157 4314">
     <span class='ocr_line' id='line_1_31' title="bbox 59 3786 1156 3878; baseline 0.005 -27"><span class='ocrx_word' id='word_1_233' title='bbox 59 3788 116 3851; x_wconf 89' lang='lat' dir='ltr'><strong>culi</strong></span> <span class='ocrx_word' id='word_1_234' title='bbox 144 3789 191 3854; x_wconf 89' lang='lat' dir='ltr'><strong>sui</strong></span> <span class='ocrx_word' id='word_1_235' title='bbox 224 3786 367 3852; x_wconf 86' lang='lat' dir='ltr'><strong>Stauriae</strong></span> <span class='ocrx_word' id='word_1_236' title='bbox 386 3786 543 3852; x_wconf 86' lang='lat' dir='ltr'><strong>interfecti</strong></span> <span class='ocrx_word' id='word_1_237' title='bbox 564 3786 776 3856; x_wconf 85' lang='lat' dir='ltr'><strong>ulcisceretur.</strong></span> <span class='ocrx_word' id='word_1_238' title='bbox 817 3788 934 3855; x_wconf 86' lang='lat' dir='ltr'><strong>Contra</strong></span> <span class='ocrx_word' id='word_1_239' title='bbox 956 3812 1051 3878; x_wconf 88' lang='lat' dir='ltr'><strong>quem</strong></span> <span class='ocrx_word' id='word_1_240' title='bbox 1072 3791 1156 3856; x_wconf 79' lang='lat' dir='ltr'><strong>Frisii</strong></span> 
     </span>
     <span class='ocr_line' id='line_1_32' title="bbox 58 3896 1157 3988; baseline 0.005 -28"><span class='ocrx_word' id='word_1_241' title='bbox 58 3898 154 3963; x_wconf 89' lang='lat' dir='ltr'><strong>aciem</strong></span> <span class='ocrx_word' id='word_1_242' title='bbox 185 3918 275 3961; x_wconf 90' lang='lat' dir='ltr'><strong>suam</strong></span> <span class='ocrx_word' id='word_1_243' title='bbox 305 3896 485 3961; x_wconf 85' lang='lat' dir='ltr'><strong>direxerunt</strong></span> <span class='ocrx_word' id='word_1_244' title='bbox 518 3907 549 3960; x_wconf 87' lang='lat' dir='ltr'><strong>et</strong></span> <span class='ocrx_word' id='word_1_245' title='bbox 570 3906 792 3962; x_wconf 85' lang='lat' dir='ltr'><strong>convenerunt</strong></span> <span class='ocrx_word' id='word_1_246' title='bbox 812 3899 845 3963; x_wconf 88' lang='lat' dir='ltr'><strong>in</strong></span> <span class='ocrx_word' id='word_1_247' title='bbox 866 3899 917 3963; x_wconf 88' lang='lat' dir='ltr'><strong>die</strong></span> <span class='ocrx_word' id='word_1_248' title='bbox 939 3901 1157 3988; x_wconf 87' lang='lat' dir='ltr'><strong>decollationis</strong></span> 
     </span>
     <span class='ocr_line' id='line_1_33' title="bbox 58 3986 1155 4097; baseline 0.009 -30"><span class='ocrx_word' id='word_1_249' title='bbox 58 4003 188 4070; x_wconf 90' lang='lat' dir='ltr'><strong>loannis</strong></span> <span class='ocrx_word' id='word_1_250' title='bbox 219 4006 381 4090; x_wconf 89' lang='lat' dir='ltr'><strong>Baptistae</strong></span> <span class='ocrx_word' id='word_1_251' title='bbox 410 4006 457 4086; x_wconf 94' lang='lat' dir='ltr'><strong>in</strong></span> <span class='ocrx_word' id='word_1_252' title='bbox 478 4024 595 4090; x_wconf 88' lang='lat' dir='ltr'><strong>campo</strong></span> <span class='ocrx_word' id='word_1_253' title='bbox 615 4026 736 4091; x_wconf 86' lang='lat' dir='ltr'><strong>magno</strong></span> <span class='ocrx_word' id='word_1_254' title='bbox 757 4007 844 4073; x_wconf 90' lang='lat' dir='ltr'><strong>circa</strong></span> <span class='ocrx_word' id='word_1_255' title='bbox 865 4008 1052 4097; x_wconf 86' lang='lat' dir='ltr'><strong>Schotersyl.</strong></span> <span class='ocrx_word' id='word_1_256' title='bbox 1095 3986 1155 4078; x_wconf 87' lang='lat' dir='ltr'><strong>Ubi</strong></span> 
     </span>
     <span class='ocr_line' id='line_1_34' title="bbox 59 4110 1157 4200; baseline 0.012 -26"><span class='ocrx_word' id='word_1_257' title='bbox 59 4110 98 4174; x_wconf 83' lang='lat' dir='ltr'><strong>ad</strong></span> <span class='ocrx_word' id='word_1_258' title='bbox 126 4115 242 4180; x_wconf 89' lang='lat' dir='ltr'><strong>multas</strong></span> <span class='ocrx_word' id='word_1_259' title='bbox 273 4115 369 4178; x_wconf 87' lang='lat' dir='ltr'><strong>horas</strong></span> <span class='ocrx_word' id='word_1_260' title='bbox 398 4124 578 4200; x_wconf 89' lang='lat' dir='ltr'><strong>pugnatum</strong></span> <span class='ocrx_word' id='word_1_261' title='bbox 611 4125 656 4179; x_wconf 90' lang='lat' dir='ltr'><strong>est</strong></span> <span class='ocrx_word' id='word_1_262' title='bbox 690 4116 813 4182; x_wconf 88' lang='lat' dir='ltr'><strong>acriter.</strong></span> <span class='ocrx_word' id='word_1_263' title='bbox 857 4116 997 4183; x_wconf 82' lang='lat' dir='ltr'><strong>Tandem</strong></span> <span class='ocrx_word' id='word_1_264' title='bbox 1017 4120 1157 4187; x_wconf 82' lang='lat' dir='ltr'><strong>Frisones</strong></span> 
     </span>
     <span class='ocr_line' id='line_1_35' title="bbox 58 4217 1155 4314; baseline 0.013 -32"><span class='ocrx_word' id='word_1_265' title='bbox 58 4217 174 4305; x_wconf 84' lang='lat' dir='ltr'><strong>fugati,</strong></span> <span class='ocrx_word' id='word_1_266' title='bbox 207 4225 346 4292; x_wconf 86' lang='lat' dir='ltr'><strong>sexcenti</strong></span> <span class='ocrx_word' id='word_1_267' title='bbox 377 4227 408 4290; x_wconf 90' lang='lat' dir='ltr'><strong>in</strong></span> <span class='ocrx_word' id='word_1_268' title='bbox 438 4245 476 4289; x_wconf 85' lang='lat' dir='ltr'><strong>eo</strong></span> <span class='ocrx_word' id='word_1_269' title='bbox 507 4225 628 4309; x_wconf 87' lang='lat' dir='ltr'><strong>proelio</strong></span> <span class='ocrx_word' id='word_1_270' title='bbox 650 4223 838 4292; x_wconf 86' lang='lat' dir='ltr'><strong>ceciderunt.</strong></span> <span class='ocrx_word' id='word_1_271' title='bbox 894 4229 1050 4314; x_wconf 87' lang='lat' dir='ltr'><strong>Impetum</strong></span> <span class='ocrx_word' id='word_1_272' title='bbox 1071 4233 1155 4298; x_wconf 87' lang='lat' dir='ltr'><strong>enim</strong></span> 
     </span>
    </p>
   </div>
   <div class='ocr_carea' id='block_1_4' title="bbox 0 0 1462 5150">
    <p class='ocr_par' dir='ltr' id='par_1_4' title="bbox 0 0 1462 5150">
     <span class='ocr_line' id='line_1_36' title="bbox 0 0 1462 5150; baseline 0 0"><span class='ocrx_word' id='word_1_273' title='bbox 0 0 1462 5150; x_wconf 95' lang='lat' dir='ltr'><strong> </strong></span> 
     </span>
    </p>
   </div>
  </div>
 </body>
</html>
