2916 5150
292 465 351 532 tae
728 451 950 524 WoltPnttl

290 682 495 752 Exemplar
513 677 705 749 epistolae
723 676 885 732 nouerit
902 685 1027 744 papae
1045 669 1176 736 tertii,
1196 681 1273 739 utta
1290 667 1394 724 lual-

316 777 448 832 matur
466 773 585 829 Frisii
602 768 774 850 secundo
789 767 840 822 ad
858 764 1072 822 subsidium
1089 764 1234 819 memes
1253 760 1376 820 Serre·

461 868 548 932 tae,
568 865 661 934 qula
677 859 835 917 laudern
852 859 962 927 prius
979 856 1217 914 meruerant.

729 1044 818 1117 CAP.
839 1047 950 1114 XXlV.

332 1272 491 1338 llonorius
512 1271 693 1354 episcopus,
718 1287 821 1331 servus
842 1285 999 1330 servorum
1024 1264 1076 1328 Dei
1083 1308 1092 1338 ,
1116 1261 1261 1326 miiversis
1281 1261 1396 1326 Christi

291 1382 435 1448 fidelibus
468 1400 525 1463 per
557 1378 756 1440 Bremensem
790 1373 986 1457 provinciam
1018 1381 1169 1435 ettotam
1191 1369 1397 1435 terramFri·

290 1496 366 1555 siam
409 1487 604 1562 constitutis,
648 1486 779 1547 salntem
823 1492 854 1545 et
888 1481 1093 1564 apostolicam
1125 1478 1395 1543 benedictionem.

290 1600 411 1664 Scimus
440 1597 530 1682 quod
550 1595 640 1658 multi
662 1592 779 1655 turbati
801 1600 874 1652 sunt
896 1588 1121 1672 multipliciter,
1152 1608 1190 1650 ex
1210 1606 1269 1662 eo,
1302 1586 1396 1670 quod

289 1706 463 1780 Dominus,
496 1705 552 1790 qni
583 1710 703 1768 cuncta
733 1699 799 1763 sine
821 1697 1029 1763 cunctatione
1049 1696 1206 1779 disponit,
1232 1693 1398 1777 negotium

290 1816 404 1879 Terrae
435 1813 592 1885 Sanctae,
627 1808 717 1892 quod
746 1807 835 1870 iuxta
865 1825 954 1888 spem
986 1805 1096 1889 populi
1118 1803 1278 1869 Christiani
1299 1803 1398 1868 valde

289 1943 438 2006 prospere
458 1919 591 2002 dirigam
612 1904 783 2000 coeperat,
817 1924 980 1998 tamquam
1001 1915 1097 1977 iratus
1118 1913 1286 1977 deseruisse
1306 1913 1400 1978 vide·

290 2043 360 2104 tor,
394 2030 471 2093 dum
502 2028 660 2093 civitatem
680 2024 880 2100 Damiatam,
914 2045 1011 2108 quam
1033 2034 1104 2108 post
1125 2045 1279 2108 expensas
1298 2023 1401 2087 innu-

289 2157 408 2214 meras,
431 2147 503 2222 post
524 2135 646 2200 iabores
667 2131 906 2198 inaestimabiles
926 2142 957 2195 et
977 2131 1198 2197 inenarrabilia
1215 2142 1318 2197 terrae
1330 2154 1400 2198 ma·

290 2249 393 2332 risque
413 2245 573 2330 pericula,
608 2244 643 2306 in
667 2241 816 2306 manibus
840 2240 1003 2305 Christiani
1025 2241 1176 2306 exercitus
1197 2242 1398 2318 tradiderat,

291 2379 309 2418 a
332 2353 496 2417 Saracenis
516 2351 654 2434 permisit
678 2348 803 2432 (recipi)
827 2369 898 2412 non
920 2349 987 2412 auc
1008 2349 1095 2431 gravi
1116 2350 1261 2414 omnium
1284 2351 1401 2416 Christi

289 2461 429 2524 fidelium
460 2457 636 2542 ignominia
669 2466 700 2520 et
733 2455 855 2523 dolore.
908 2455 1023 2522 Verum
1053 2477 1126 2522 cum
1157 2458 1266 2522 omnia
1300 2459 1401 2523 faciat

289 2569 323 2628 in
355 2565 508 2648 sapientia
530 2566 684 2630 Dominus
704 2563 795 2630 nihil
826 2564 1011 2649 permittens
1041 2565 1075 2629 in
1109 2575 1192 2629 terra
1226 2567 1294 2630 fieri
1328 2568 1401 2631 sine

290 2695 405 2749 causa,
438 2684 519 2738 errat
549 2673 736 2748 enormiter,
772 2671 828 2756 qui
859 2692 996 2736 errorem
1029 2672 1061 2736 in
1093 2673 1157 2736 eins
1189 2673 1402 2758 beneplacitis

289 2785 475 2868 suspicatur.
531 2780 593 2845 Sed
624 2801 697 2846 oum
732 2788 855 2844 constat
886 2779 1110 2856 infallibiliter,
1154 2780 1245 2866 quod
1277 2783 1399 2847 iudicia

288 2892 344 2956 Dei
373 2910 445 2955 vera
475 2899 506 2952 et
529 2889 689 2952 universae
710 2887 778 2950 viae
798 2888 862 2950 eius
881 2888 1095 2953 misericordia
1116 2899 1186 2956 sunt
1207 2899 1238 2953 et
1259 2891 1397 2968 veritas,

289 3021 326 3063 ea
358 3009 521 3080 tamquam
551 2994 879 3079 incomprehensibilia
901 2996 1082 3061 secundum*
1098 2998 1276 3080 apostolum
1298 3021 1399 3064 vene·

288 3105 424 3169 rabiliter
456 3103 625 3178 admirari,
669 3112 699 3166 et
731 3102 787 3167 has
820 3112 983 3188 tamquam
1018 3102 1131 3187 (haud)
1165 3107 1399 3191 investigabiles

288 3215 443 3278 humiliter
465 3213 607 3286 venerari
629 3209 801 3294 debemur.
833 3224 868 3277 ut
899 3213 1013 3279 divinis
1034 3213 1179 3298 operibus
1199 3215 1399 3283 delectantes

287 3323 458 3388 reddamur
487 3319 700 3403 acceptabiles
732 3321 887 3404 operanti.
933 3322 1148 3387 Veruntamen
1178 3344 1253 3388 cum
1284 3325 1397 3388 Domi-

288 3454 368 3506 nus,
393 3429 548 3516 quamdiu
569 3428 760 3493 Christianus
780 3430 934 3494 exercitus
954 3430 986 3493 in
1008 3431 1119 3494 timore
1140 3430 1250 3496 divino
1271 3433 1398 3497 instan-

287 3552 334 3605 ter
364 3561 396 3603 se
429 3539 549 3613 tenuit,
583 3546 618 3601 ut
651 3535 807 3611 debebat,
840 3537 884 3599 eis
915 3546 1080 3624 tamquam
1101 3538 1167 3602 dux
1187 3560 1298 3603 eorum
1319 3561 1395 3605 non

287 3648 409 3712 desierit
442 3645 622 3710 mirabiliter
650 3644 838 3728 prosperari.
883 3644 915 3708 Si
949 3666 1024 3731 ergo
1045 3647 1247 3712 abominatus
1269 3647 1398 3712 abomi-

286 3755 435 3818 nationes
467 3773 577 3816 eorum
609 3753 732 3816 recessit
765 3775 783 3814 a
814 3753 1050 3829 recedentibus,
1093 3757 1149 3840 qui
1179 3756 1324 3820 euntium
1359 3756 1396 3820 in

285 3863 476 3928 Hierusalem
508 3860 620 3925 faciem
653 3860 917 3943 praetendentes,
964 3863 1074 3928 animo
1104 3864 1326 3948 properabant
1358 3866 1394 3928 in

286 3977 482 4058 Aegyptum,
518 3966 658 4052 peccatis
681 3967 796 4030 nostris
816 3967 966 4032 debemus
986 3971 1100 4035 merito
1121 3971 1300 4055 imputare,
1332 3970 1397 4034 hu·

284 4081 439 4142 miliantes
458 4079 524 4141 ileo
547 4076 669 4138 animas
690 4085 828 4150 nostras.
853 4087 887 4141 ut
909 4077 1008 4142 inira
1030 4055 1262 4144 misericordiae
1284 4101 1396 4144 recor-

282 4186 387 4249 detur.
441 4187 571 4249 hlaxime
612 4205 685 4248 cum
727 4194 758 4249 et
788 4187 822 4248 in
854 4185 917 4249 hoc
951 4184 1118 4252 nobiscum
1147 4187 1395 4254 misericorditer
