2916 5150
301 487 361 556 186
745 487 967 556 Woaaaar

300 691 498 757 Quomodo
524 689 753 751 wilhelmus
777 697 840 752 xlx
862 708 991 754 eomes
1007 695 1241 754 lollonsllse
1258 697 1395 755 Falso·

316 801 386 844 nes
402 788 630 857 inpugnans
648 787 698 841 ab
722 790 780 844 els
799 790 861 844 est
877 800 964 844 cum
981 788 1113 845 multis
1131 792 1375 861 peremptus.

752 989 840 1055 ClP.
863 991 943 1058 ΧΗ.

338 1208 522 1274 wilhelmus
550 1207 641 1273 baiis
671 1208 812 1273 nominis
841 1219 972 1296 quartm
1001 1211 1104 1276 lactus
1132 1221 1178 1276 est
1208 1222 1281 1297 post
1312 1215 1396 1280 Wil-

299 1319 435 1384 belmum
465 1329 588 1404 patrem
618 1339 708 1382 suum
738 1319 790 1383 xix
809 1339 915 1384 comes
935 1320 1142 1397 llollandiae,
1175 1319 1347 1386 Zelandiae
1366 1333 1398 1386 et

299 1426 507 1503 Hannoniae,
539 1447 628 1492 anno
657 1427 784 1491 Domini
815 1429 1020 1495 mcccxxxvii.
1062 1429 1124 1511 Qui
1145 1431 1399 1517 omnitempore

296 1537 381 1602 vitae
400 1557 474 1601 suae
494 1535 582 1602 bellis
600 1538 742 1602 intentus
761 1536 839 1612 brit,
864 1547 896 1602 et
916 1537 959 1603 ad
980 1558 1069 1602 arma
1089 1550 1274 1624 promptus,
1300 1552 1398 1627 atque

299 1647 400 1710 multa
432 1646 571 1730 proelia,
605 1667 677 1712 non
698 1647 766 1710 sine
785 1647 954 1711 immortali
975 1647 1094 1724 laude,
1117 1657 1231 1713 contra
1251 1649 1397 1714 infideles

301 1754 403 1820 crucis
445 1752 554 1819 Christi
596 1755 744 1820 inimicos
774 1776 847 1818 oum
877 1755 1000 1842 regibus
1030 1755 1212 1821 Christianis
1241 1758 1393 1825 malecit.

297 1866 399 1928 Anno
429 1863 522 1947 igitur
552 1863 679 1927 Domini
708 1864 868 1938 maenala,
908 1863 964 1927 iste
995 1864 1181 1930 Wilbelmus
1210 1868 1273 1930 iam
1301 1868 1395 1933 tertio

298 1991 437 2037 reversas
469 1990 543 2035 cum
574 1970 675 2056 gloria
695 1991 735 2034 ex
753 1970 876 2034 Prussia
897 1969 1019 2036 obsedit
1040 1973 1198 2039 civitatem
1218 1975 1396 2042 Traiecten·

301 2101 386 2161 sem,
417 2079 537 2146 babens
567 2081 603 2143 in
633 2080 835 2165 expeditione
865 2101 921 2146 sua
951 2082 1117 2168 octoginta
1137 2085 1279 2169 quinque
1299 2086 1397 2150 millia

300 2202 507 2267 armatorum,
528 2212 585 2276 per
605 2211 658 2254 sex
679 2191 849 2255 contimras
869 2190 1069 2275 septimanas.
1099 2192 1241 2258 Tandem
1261 2194 1298 2258 in
1322 2217 1397 2280 pro·

299 2304 380 2367 festo
409 2302 525 2367 llariae
557 2301 765 2384 llagdalenae
795 2301 932 2364 eiusdem
954 2303 1033 2365 anni
1053 2323 1135 2386 pace
1153 2304 1238 2368 inter
1258 2303 1331 2368 illos
1349 2325 1397 2368 re·

300 2422 396 2487 mata,
419 2409 503 2473 idem
523 2427 629 2471 comes
649 2428 723 2471 cum
744 2409 832 2471 omni
853 2410 991 2473 exercitu
1013 2423 1237 2497 aggressusest
1259 2413 1393 2487 Friaiam,

300 2530 334 2583 ut
364 2520 409 2583 eis
437 2516 666 2582 dominaretur.
707 2516 806 2602 Igitur
835 2537 909 2582 cum
929 2517 994 2582 eius
1013 2521 1162 2585 exercitus
1182 2521 1289 2585 minus
1311 2524 1397 2588 ordi·

298 2638 376 2694 nate
395 2627 623 2700 transfretaret,
641 2624 773 2710 quidam
792 2625 933 2690 loannes
953 2626 993 2692 de
1014 2629 1188 2694 Hannonia
1209 2629 1251 2693 ad
1273 2641 1398 2696 austra·

297 2739 359 2804 lem
379 2747 502 2821 partem
524 2735 707 2798 monasterii
726 2734 826 2798 sancti
847 2734 984 2820 Odulphi
1006 2758 1106 2823 prope
1125 2738 1281 2802 Stauriam
1301 2761 1399 2826 super

297 2849 400 2934 ήραω
428 2845 523 2910 maris
552 2845 587 2908 in
620 2854 713 2928 prato
743 2843 831 2908 dieto
862 2845 1030 2911 Suitsenne
1050 2860 1234 2934 exspectans
1254 2849 1396 2935 reliquas

298 2979 395 3024 naves
422 2954 663 3040 subsequentes,
694 2953 820 3017 interim
849 2955 1033 3040 priusquam
1065 2958 1143 3022 aliae
1172 2959 1394 3044 applicarent,

298 3085 457 3155 eggressus
484 3082 584 3126 unum
605 3061 735 3146 globum
756 3062 921 3127 Frisonum
943 3064 1154 3130 declinantem
1175 3081 1397 3155 persequentes

297 3194 399 3259 usque
431 3171 472 3236 ad
493 3170 719 3234 monasterium
740 3182 772 3235 et
793 3173 1018 3238 immunitatem
1037 3177 1218 3240 monasterii
1237 3180 1392 3262 praefati,

296 3283 387 3372 quod
408 3265 473 3366 ipse
492 3278 650 3343 lohannes
671 3300 744 3343 oum
765 3281 825 3344 suis
845 3282 1059 3368 impugnavit,
1084 3285 1139 3348 sed
1161 3306 1228 3349 non
1249 3290 1389 3373 impune.

294 3395 377 3460 llam
409 3413 427 3456 e
458 3389 583 3474 vestigio
611 3389 715 3473 plures
746 3403 947 3455 accurrentes
967 3393 1108 3459 Frisones
1129 3397 1197 3460 illos
1217 3418 1301 3482 pene
1323 3419 1391 3460 om·

294 3523 353 3568 nes
371 3500 581 3574 occiderunt,
616 3497 725 3564 divina
746 3519 800 3564 eos
819 3512 1023 3587 persequente
1043 3505 1184 3582 ultione,
1218 3508 1294 3592 quia
1316 3507 1392 3572 locis

294 3612 361 3676 Deo
381 3608 573 3674 consecratis
593 3605 749 3670 honorem
769 3618 800 3672 et
821 3611 1026 3675 reverentiam
1048 3613 1187 3677 debitam
1208 3638 1272 3680 non
1293 3616 1392 3680 dede·

292 3727 380 3783 runt.
423 3717 554 3781 Interim
584 3713 662 3778 dum
692 3714 771 3780 baec
801 3720 891 3800 quasi
914 3732 986 3784 acta
1006 3720 1154 3800 fuissent,
1189 3727 1342 3810 applicuit
1361 3736 1391 3790 et

291 3830 359 3914 ipse
391 3845 496 3890 comes
526 3843 600 3887 curn
629 3834 822 3888 armatorum
843 3828 954 3891 maiori
975 3849 1107 3895 numero
1128 3843 1160 3897 et
1180 3834 1329 3899 nobiliori
1349 3834 1390 3898 ad

293 3936 454 4002 borealem
484 3942 606 4017 partem
627 3932 764 3997 eiusdem
785 3937 986 4012 monasterii,
1022 3931 1144 4004 nescius
1164 3944 1300 4008 omnino
1322 3946 1388 4008 lac·

293 4057 399 4111 torum
438 4042 551 4130 prioris
579 4041 742 4110 exercitus.
786 4042 847 4125 Qui
877 4045 986 4110 videns
1015 4047 1157 4115 Frisones
1187 4064 1387 4118 occurrentes

291 4153 366 4229 sibi,
401 4137 471 4218 non
501 4152 690 4238 exspectavit
721 4152 875 4238 reliquum
907 4157 1074 4222 exercitum
1095 4161 1130 4223 in
1151 4163 1231 4224 mari
1250 4184 1387 4250 sequen·

292 4276 372 4342 tem,
406 4261 459 4326 sed
492 4281 609 4347 pagum
641 4261 824 4328 viciniorem
855 4265 958 4349 primo
990 4288 1132 4353 aggressu
1166 4271 1332 4347 incendit,
1356 4281 1385 4334 et
