2950 5144
302 484 345 546 aa
592 518 605 531 κ
740 439 987 544 Woarnar

302 667 356 710 eos
387 647 569 721 firmanda,
602 648 667 731 ipse
699 667 752 711 rex
782 656 814 711 et
846 666 958 710 omnes
977 644 1137 729 principer
1158 641 1224 706 eius
1247 659 1414 706 convene·
1462 695 1463 706 ,

302 764 391 819 runt.
433 754 492 820 Ubi
513 755 607 819 etiam
627 764 658 819 et
679 754 844 840 Hengistus
864 774 938 818 eum
958 752 1020 816 suis
1040 747 1218 814 Frisonibus
1240 750 1414 814 adveniens
1461 709 1463 862 Ι

303 861 430 926 eosdem
460 873 580 927 secreto
610 863 830 948 praemonuit,
865 872 900 925 ut
932 882 1005 925 cum
1026 860 1092 945 ipse
1112 877 1168 921 sua
1189 857 1301 940 lingua
1325 857 1414 922 dice·

302 979 368 1032 ret:
404 969 432 1032 tt
434 981 519 1056 ymet
540 992 618 1037 oure
639 991 713 1035 saxa
728 969 771 1053 (⁸)
797 969 901 1054 (quod
922 969 990 1032 sine
1010 964 1109 1030 dubio
1129 964 1330 1028 Frisonicum
1351 963 1411 1048 est)

290 1097 413 1148 'omnes
434 1079 523 1142 simui
546 1099 619 1144 cum
641 1079 734 1142 armis
755 1087 959 1142 accurrentes
980 1074 1156 1137 Britannos
1176 1073 1410 1138 interficerent.
1462 1087 1463 1094 ’

302 1183 398 1264 Quod
418 1194 450 1248 et
469 1186 513 1249 ita
533 1187 744 1270 perfecerunt.
787 1186 868 1250 Nam
890 1192 1049 1249 trecentos
1068 1180 1113 1246 ibi
1133 1180 1320 1244 Britanniae
1332 1199 1413 1262 pro·

301 1313 387 1358 ceres
418 1303 641 1378 peremerunt.
673 1304 704 1357 et
725 1314 829 1379 regem
850 1292 1070 1378 Voltigranum
1092 1289 1254 1374 capientes
1275 1288 1412 1352 vinculis

301 1401 575 1486 mancipaverunt.
619 1400 681 1481 Qui
712 1401 843 1464 tandem
875 1420 935 1485 pro
969 1399 1187 1482 redemptione
1217 1397 1301 1460 ritae
1335 1415 1411 1460 suae

301 1507 393 1572 urbes
413 1519 444 1571 et
471 1509 651 1591 provincias
672 1510 821 1594 liengisto
842 1508 941 1574 dedit.
973 1509 1011 1572 Et
1031 1509 1075 1573 sie
1096 1507 1263 1592 liengistus
1284 1506 1317 1568 iu
1342 1508 1409 1568 Aa·

300 1617 363 1699 gtia
396 1618 542 1700 regnavit.
586 1617 674 1682 Tunc
705 1618 800 1704 Angli
828 1618 941 1682 iterum
973 1637 992 1680 a
1021 1615 1197 1681 Christiana
1218 1613 1285 1678 fide
1306 1633 1409 1678 necas·

301 1733 425 1798 serunt,
462 1745 501 1787 eo
529 1725 619 1809 quod
641 1724 805 1809 Hengistus
825 1745 899 1789 cum
920 1725 982 1788 suis
1002 1744 1148 1809 paganus
1168 1731 1246 1788 erat.
1291 1722 1335 1787 [n
1357 1723 1408 1786 itta

300 1831 393 1916 igitur
423 1832 568 1906 civitate,
603 1853 701 1917 quam
736 1833 793 1896 sibi
825 1833 1029 1919 Voltigranus
1055 1834 1245 1906 retinuerat,
1269 1851 1408 1896 manens

301 1939 366 2022 ipse
399 1961 451 2003 rex
481 1960 554 2004 oum
576 1939 637 2002 suis
658 1939 806 2003 uxoribus
827 1951 857 2004 et
878 1941 943 2004 fitia
965 1941 1125 2026 Hengisti.
1158 1940 1224 2024 ipse
1247 1938 1406 2024 Voltigra·

300 2065 361 2108 nus
392 2067 465 2112 cum
495 2046 638 2132 suis(†)‚
672 2047 799 2111 coelesti
831 2049 904 2133 igne
935 2057 1140 2131 consumptus
1161 2058 1224 2121 est.
1253 2068 1295 2111 eo
1314 2049 1406 2134 quod

300 2175 373 2218 curn
403 2156 532 2239 propria
553 2155 617 2218 fitia
640 2155 876 2229 concumbens,
908 2156 990 2220 fittos
1015 2176 1054 2220 ex
1075 2177 1113 2219 ea
1133 2167 1305 2243 genuerat,
1337 2177 1406 2222 nee

301 2264 342 2326 ed
363 2263 633 2347 praedicationem
662 2263 765 2326 sancti
786 2264 935 2326 Germani
956 2263 1095 2347 episcopi
1115 2263 1216 2348 ipsum
1238 2265 1280 2328 de
1299 2266 1406 2330 inees-

300 2381 391 2433 tuoso
428 2368 581 2454 conjugio
622 2368 820 2452 corripientis
858 2389 890 2432 se
922 2371 1153 2436 emendaverat.
1196 2371 1270 2436 Non
1304 2374 1406 2438 multo

300 2487 371 2560 post
384 2459 485 2539 etiam
505 2477 833 2560 liengistus'mortuus
853 2487 916 2548 est·
952 2478 1026 2540 Post
1046 2475 1137 2562 cujus
1157 2491 1292 2543 mortam
1314 2480 1406 2546 Ocha

299 2586 380 2649 fitius
411 2585 476 2648 eius
507 2584 648 2650 transivit
681 2584 721 2647 de
752 2584 874 2648 sinistra
895 2594 984 2669 parte
1005 2585 1188 2650 Britanniae
1209 2587 1253 2652 ad
1272 2610 1407 2674 regnum

298 2693 500 2767 Cantiorum,
537 2701 568 2757 et
600 2692 640 2756 de
671 2691 739 2776 ipso
768 2713 854 2778 reges
883 2691 1016 2759 Cantiae
1048 2693 1110 2755 orti
1130 2705 1215 2758 sunt.
1257 2697 1407 2762 Tandem

300 2802 444 2866 Britanni
475 2800 614 2866 videntes
643 2800 839 2864 ferocitatem
871 2810 902 2864 et
924 2798 1113 2864 tirannidem
1133 2799 1297 2866 Frisonum
1320 2805 1408 2869 inito

299 2909 429 2974 consitio
467 2907 649 2971 direxerunt
678 2905 931 2971 Londoniensem
960 2907 1238 2993 archiepiscopum
1272 2911 1315 2974 ad
1350 2916 1406 2980 At·

299 3018 456 3080 decenum
478 3034 583 3100 regern
603 3014 731 3078 minoris
751 3013 955 3090 Britanniae,
991 3009 1026 3080 u't
1047 3016 1090 3080 eis
1110 3028 1314 3084 succurreret.
1364 3027 1406 3086 at

298 3124 349 3188 illa
388 3122 516 3187 tradidit
544 3123 588 3186 eis
617 3123 745 3186 fratrem
777 3142 867 3186 suum
899 3121 1139 3189 Constantinum
1172 3147 1247 3190 eum
1278 3140 1405 3194 armata

297 3231 445 3294 mittum-
460 3249 579 3303 menu,
614 3229 724 3314 sicque
755 3229 982 3295 Constantinus
1014 3241 1135 3297 erectus
1164 3243 1209 3296 est
1242 3234 1274 3298 in
1295 3257 1405 3323 regem

296 3341 410 3403 decern
431 3335 532 3401 anuis.
565 3336 622 3398 iiic
643 3346 705 3400 tres
726 3333 835 3398 habuit
855 3337 952 3412 filios,
972 3337 1089 3402 scilicet
1109 3339 1404 3432 Constantem,qui

295 3435 476 3510 ¹monachus
506 3445 608 3509 faetus
639 3455 703 3517 est,
738 3453 769 3507 et
790 3444 950 3508 Aurelium
970 3444 1168 3510 Ambrosium
1189 3458 1220 3512 et
1244 3449 1403 3536 Uterpen·

299 3556 435 3640 drogon.
479 3554 622 3617 Aurelius
651 3572 726 3636 ergo
756 3551 937 3615 Ambrosius
966 3562 1191 3636 postmortem
1212 3560 1401 3647 patrisreg-

299 3665 407 3739 navit,
441 3673 471 3726 et
503 3661 651 3744 colligens
672 3659 781 3743 copias
801 3680 874 3724 cum
897 3659 964 3722 aliis
994 3659 1158 3725 Britonum
1190 3664 1314 3750 regibus
1335 3668 1402 3732 Fri·

296 3791 391 3834 eones
411 3768 590 3841 debellavit,
606 3779 636 3831 et
659 3766 789 3830 tandem
810 3766 981 3830 duodecim
1002 3769 1126 3852 proeliis
1146 3791 1201 3834 eoa
1220 3776 1397 3858 superavit,

282 3937 444 3950 ‘m

329 4032 379 4100 (r)
415 4032 438 4084 f.
456 4030 587 4083 Nimmen
605 4045 639 4078 ur
657 4027 708 4077 tha
730 4027 819 4090 Saxa,
840 4035 872 4078 ut
889 4027 927 4078 eit
944 4029 1033 4080 Nemo
1050 4046 1136 4100 super
1151 4032 1288 4088 Saxones·
1318 4036 1355 4088 t.
1367 4034 1399 4088 S.

296 4125 427 4174 Naaman
445 4125 505 4194 oser
525 4123 648 4174 Beaxcn.
773 4115 776 4120 ¹

330 4214 384 4285 st)
422 4215 495 4269 Haec
514 4217 601 4273 verba
621 4215 681 4284 ipse
704 4215 733 4266 V
733 4213 783 4266 alt.
804 4229 867 4264 eum
884 4213 945 4263 auia
962 4213 1081 4267 delenda
1100 4233 1207 4270 censeo.
