<?xml version="1.0" encoding="UTF-8"?>
<!DOCTYPE html PUBLIC "-//W3C//DTD XHTML 1.0 Transitional//EN"
    "http://www.w3.org/TR/xhtml1/DTD/xhtml1-transitional.dtd">
<html xmlns="http://www.w3.org/1999/xhtml" xml:lang="en" lang="en">
 <head>
  <title>
</title>
<meta http-equiv="Content-Type" content="text/html;charset=utf-8" />
  <meta name='ocr-system' content='tesseract 3.04.00' />
  <meta name='ocr-capabilities' content='ocr_page ocr_carea ocr_par ocr_line ocrx_word'/>
</head>
<body>
  <div class='ocr_page' id='page_1' title='image "./worperityaerdae00worpgoog_0038.png"; bbox 0 0 2950 5144; ppageno 0'>
   <div class='ocr_carea' id='block_1_1' title="bbox 271 461 939 544">
    <p class='ocr_par' dir='ltr' id='par_1_1' title="bbox 271 461 939 544">
     <span class='ocr_line' id='line_1_1' title="bbox 271 461 939 544; baseline -0.027 0"><span class='ocrx_word' id='word_1_1' title='bbox 271 475 314 544; x_wconf 72' lang='lat'>26</span> <span class='ocrx_word' id='word_1_2' title='bbox 715 461 939 530; x_wconf 75' lang='lat' dir='ltr'><em>WORPERI</em></span> 
     </span>
    </p>
   </div>
   <div class='ocr_carea' id='block_1_2' title="bbox 271 621 1376 835">
    <p class='ocr_par' dir='ltr' id='par_1_2' title="bbox 271 621 1376 835">
     <span class='ocr_line' id='line_1_2' title="bbox 272 621 1376 715; baseline -0.021 -9"><span class='ocrx_word' id='word_1_3' title='bbox 272 639 439 715; x_wconf 85' lang='lat' dir='ltr'>sarritutia,</span> <span class='ocrx_word' id='word_1_4' title='bbox 472 639 657 706; x_wconf 79' lang='lat' dir='ltr'>veternare</span> <span class='ocrx_word' id='word_1_5' title='bbox 686 629 856 707; x_wconf 79' lang='lat' dir='ltr'>libertatis,</span> <span class='ocrx_word' id='word_1_6' title='bbox 890 628 984 712; x_wconf 82' lang='lat' dir='ltr'>putris</span> <span class='ocrx_word' id='word_1_7' title='bbox 1003 624 1177 702; x_wconf 83' lang='lat' dir='ltr'>extraneis,</span> <span class='ocrx_word' id='word_1_8' title='bbox 1210 621 1376 708; x_wconf 82' lang='lat' dir='ltr'>propriam</span> 
     </span>
     <span class='ocr_line' id='line_1_3' title="bbox 271 738 945 835; baseline -0.021 -17"><span class='ocrx_word' id='word_1_9' title='bbox 271 770 330 835; x_wconf 85' lang='lat' dir='ltr'>per</span> <span class='ocrx_word' id='word_1_10' title='bbox 349 766 423 812; x_wconf 86' lang='lat' dir='ltr'>suos</span> <span class='ocrx_word' id='word_1_11' title='bbox 441 744 560 813; x_wconf 90' lang='lat' dir='ltr'>iudioes</span> <span class='ocrx_word' id='word_1_12' title='bbox 579 738 797 829; x_wconf 78' lang='lat' dir='ltr'>gubernabunt</span> <span class='ocrx_word' id='word_1_13' title='bbox 817 746 945 805; x_wconf 80' lang='lat' dir='ltr'>terram.</span> 
     </span>
    </p>
   </div>
   <div class='ocr_carea' id='block_1_3' title="bbox 306 1185 1347 1362">
    <p class='ocr_par' dir='ltr' id='par_1_3' title="bbox 306 1185 1347 1362">
     <span class='ocr_line' id='line_1_4' title="bbox 306 1185 1347 1273; baseline -0.017 -11"><span class='ocrx_word' id='word_1_14' title='bbox 306 1205 366 1263; x_wconf 73' lang='lat' dir='ltr'>De</span> <span class='ocrx_word' id='word_1_15' title='bbox 384 1200 534 1273; x_wconf 70' lang='lat' dir='ltr'>erim</span> <span class='ocrx_word' id='word_1_16' title='bbox 550 1195 803 1268; x_wconf 71' lang='lat' dir='ltr'>meamea,</span> <span class='ocrx_word' id='word_1_17' title='bbox 821 1193 1080 1264; x_wconf 72' lang='lat' dir='ltr'>uenenatas,</span> <span class='ocrx_word' id='word_1_18' title='bbox 1099 1191 1282 1256; x_wconf 56' lang='lat' dir='ltr'>aetnae,</span> <span class='ocrx_word' id='word_1_19' title='bbox 1303 1185 1347 1244; x_wconf 79' lang='lat' dir='ltr'>et</span> 
     </span>
     <span class='ocr_line' id='line_1_5' title="bbox 596 1287 1066 1362; baseline -0.013 -11"><span class='ocrx_word' id='word_1_20' title='bbox 596 1291 770 1352; x_wconf 63' lang='lat' dir='ltr'>uatum</span> <span class='ocrx_word' id='word_1_21' title='bbox 787 1287 1066 1362; x_wconf 61' lang='grc' dir='ltr'>Μεθύων.</span> 
     </span>
    </p>
   </div>
   <div class='ocr_carea' id='block_1_4' title="bbox 748 1490 915 1558">
    <p class='ocr_par' dir='ltr' id='par_1_4' title="bbox 748 1490 915 1558">
     <span class='ocr_line' id='line_1_6' title="bbox 748 1490 915 1558; baseline -0.006 -1"><span class='ocrx_word' id='word_1_22' title='bbox 748 1491 838 1558; x_wconf 77' lang='lat' dir='ltr'><strong>CAP.</strong></span> <span class='ocrx_word' id='word_1_23' title='bbox 860 1490 915 1558; x_wconf 84' lang='lat' dir='ltr'>vt.</span> 
     </span>
    </p>
   </div>
   <div class='ocr_carea' id='block_1_5' title="bbox 255 1697 1389 1913">
    <p class='ocr_par' dir='ltr' id='par_1_5' title="bbox 255 1697 1389 1913">
     <span class='ocr_line' id='line_1_7' title="bbox 255 1697 1385 1796; baseline -0.013 -16"><span class='ocrx_word' id='word_1_24' title='bbox 255 1697 257 1701; x_wconf 33' lang='lat'>¹</span> <span class='ocrx_word' id='word_1_25' title='bbox 321 1717 367 1780; x_wconf 83' lang='lat' dir='ltr'>Ite</span> <span class='ocrx_word' id='word_1_26' title='bbox 404 1712 526 1796; x_wconf 79' lang='lat' dir='ltr'>origine</span> <span class='ocrx_word' id='word_1_27' title='bbox 567 1710 773 1795; x_wconf 87' lang='lat' dir='ltr'>antiquorum</span> <span class='ocrx_word' id='word_1_28' title='bbox 807 1707 1033 1772; x_wconf 73' lang='lat' dir='ltr'><strong>Britannorum</strong></span> <span class='ocrx_word' id='word_1_29' title='bbox 1078 1713 1188 1770; x_wconf 85' lang='lat' dir='ltr'>narrat</span> <span class='ocrx_word' id='word_1_30' title='bbox 1233 1701 1385 1776; x_wconf 77' lang='lat' dir='ltr'>historie,</span> 
     </span>
     <span class='ocr_line' id='line_1_8' title="bbox 280 1811 1389 1913; baseline -0.014 -25"><span class='ocrx_word' id='word_1_31' title='bbox 280 1823 369 1913; x_wconf 88' lang='lat' dir='ltr'>quod</span> <span class='ocrx_word' id='word_1_32' title='bbox 400 1820 574 1894; x_wconf 81' lang='lat' dir='ltr'>Ascanius,</span> <span class='ocrx_word' id='word_1_33' title='bbox 606 1821 729 1882; x_wconf 83' lang='lat' dir='ltr'>Aeneae</span> <span class='ocrx_word' id='word_1_34' title='bbox 760 1816 887 1880; x_wconf 83' lang='lat' dir='ltr'>Troiani</span> <span class='ocrx_word' id='word_1_35' title='bbox 918 1815 1020 1890; x_wconf 84' lang='lat' dir='ltr'>filius,</span> <span class='ocrx_word' id='word_1_36' title='bbox 1054 1834 1094 1879; x_wconf 83' lang='lat' dir='ltr'>er</span> <span class='ocrx_word' id='word_1_37' title='bbox 1122 1813 1190 1878; x_wconf 85' lang='lat' dir='ltr'>filio</span> <span class='ocrx_word' id='word_1_38' title='bbox 1210 1831 1268 1876; x_wconf 87' lang='lat' dir='ltr'>suo</span> <span class='ocrx_word' id='word_1_39' title='bbox 1290 1811 1389 1874; x_wconf 82' lang='lat' dir='ltr'>Siirio</span> 
     </span>
    </p>
   </div>
   <div class='ocr_carea' id='block_1_6' title="bbox 281 1923 1472 3748">
    <p class='ocr_par' dir='ltr' id='par_1_6' title="bbox 281 1923 1472 3748">
     <span class='ocr_line' id='line_1_9' title="bbox 281 1923 1390 2016; baseline -0.011 -22"><span class='ocrx_word' id='word_1_40' title='bbox 281 1939 432 2016; x_wconf 75' lang='lat' dir='ltr'><strong>nepotem</strong></span> <span class='ocrx_word' id='word_1_41' title='bbox 464 1925 573 1990; x_wconf 88' lang='lat' dir='ltr'>habuit</span> <span class='ocrx_word' id='word_1_42' title='bbox 605 1923 738 1988; x_wconf 85' lang='lat' dir='ltr'>nornine</span> <span class='ocrx_word' id='word_1_43' title='bbox 772 1923 914 1988; x_wconf 70' lang='lat' dir='ltr'>Brutum.</span> <span class='ocrx_word' id='word_1_44' title='bbox 957 1923 1017 1988; x_wconf 87' lang='lat' dir='ltr'>liio</span> <span class='ocrx_word' id='word_1_45' title='bbox 1048 1931 1181 1986; x_wconf 84' lang='lat' dir='ltr'>matrem</span> <span class='ocrx_word' id='word_1_46' title='bbox 1201 1941 1291 1986; x_wconf 86' lang='lat' dir='ltr'>suam</span> <span class='ocrx_word' id='word_1_47' title='bbox 1312 1939 1390 1986; x_wconf 88' lang='lat' dir='ltr'>nas·</span> 
     </span>
     <span class='ocr_line' id='line_1_10' title="bbox 281 2028 1393 2121; baseline -0.012 -17"><span class='ocrx_word' id='word_1_48' title='bbox 281 2039 411 2112; x_wconf 83' lang='lat' dir='ltr'>oendo,</span> <span class='ocrx_word' id='word_1_49' title='bbox 433 2045 556 2121; x_wconf 87' lang='lat' dir='ltr'>patrem</span> <span class='ocrx_word' id='word_1_50' title='bbox 578 2053 652 2099; x_wconf 84' lang='lat' dir='ltr'>vero</span> <span class='ocrx_word' id='word_1_51' title='bbox 675 2032 823 2099; x_wconf 86' lang='lat' dir='ltr'>venando</span> <span class='ocrx_word' id='word_1_52' title='bbox 843 2053 919 2097; x_wconf 85' lang='lat' dir='ltr'>caru</span> <span class='ocrx_word' id='word_1_53' title='bbox 941 2032 1070 2099; x_wconf 83' lang='lat' dir='ltr'>occidit.</span> <span class='ocrx_word' id='word_1_54' title='bbox 1113 2033 1208 2099; x_wconf 87' lang='lat' dir='ltr'>Cuius</span> <span class='ocrx_word' id='word_1_55' title='bbox 1226 2028 1393 2116; x_wconf 77' lang='lat' dir='ltr'>parricidii</span> 
     </span>
     <span class='ocr_line' id='line_1_11' title="bbox 283 2138 1468 2232; baseline -0.011 -18"><span class='ocrx_word' id='word_1_56' title='bbox 283 2168 380 2215; x_wconf 84' lang='lat' dir='ltr'>eausa</span> <span class='ocrx_word' id='word_1_57' title='bbox 406 2166 480 2212; x_wconf 88' lang='lat' dir='ltr'>eum</span> <span class='ocrx_word' id='word_1_58' title='bbox 510 2154 575 2207; x_wconf 85' lang='lat' dir='ltr'>tarn</span> <span class='ocrx_word' id='word_1_59' title='bbox 608 2162 737 2210; x_wconf 82' lang='lat' dir='ltr'>exosum</span> <span class='ocrx_word' id='word_1_60' title='bbox 770 2140 956 2225; x_wconf 83' lang='lat' dir='ltr'>parentibus</span> <span class='ocrx_word' id='word_1_61' title='bbox 984 2139 1148 2222; x_wconf 76' lang='lat' dir='ltr'>reddidit,</span> <span class='ocrx_word' id='word_1_62' title='bbox 1181 2150 1216 2204; x_wconf 88' lang='lat' dir='ltr'>ut</span> <span class='ocrx_word' id='word_1_63' title='bbox 1237 2141 1278 2204; x_wconf 88' lang='lat' dir='ltr'>de</span> <span class='ocrx_word' id='word_1_64' title='bbox 1299 2138 1392 2208; x_wconf 81' lang='lat' dir='ltr'>ltalia</span> <span class='ocrx_word' id='word_1_65' title='bbox 1466 2201 1468 2232; x_wconf 29' lang='lat' dir='ltr'><em>A</em></span> 
     </span>
     <span class='ocr_line' id='line_1_12' title="bbox 283 2233 1469 2342; baseline -0.011 -21"><span class='ocrx_word' id='word_1_66' title='bbox 283 2257 389 2342; x_wconf 82' lang='lat' dir='ltr'>pulsus</span> <span class='ocrx_word' id='word_1_67' title='bbox 421 2255 463 2319; x_wconf 89' lang='lat' dir='ltr'>ad</span> <span class='ocrx_word' id='word_1_68' title='bbox 496 2252 660 2318; x_wconf 80' lang='lat' dir='ltr'>Graeciam</span> <span class='ocrx_word' id='word_1_69' title='bbox 690 2251 820 2332; x_wconf 83' lang='lat' dir='ltr'>fugeret.</span> <span class='ocrx_word' id='word_1_70' title='bbox 865 2249 925 2314; x_wconf 91' lang='lat' dir='ltr'>Ubi</span> <span class='ocrx_word' id='word_1_71' title='bbox 955 2251 1027 2316; x_wconf 85' lang='lat' dir='ltr'>exui</span> <span class='ocrx_word' id='word_1_72' title='bbox 1060 2270 1135 2315; x_wconf 86' lang='lat' dir='ltr'>cum</span> <span class='ocrx_word' id='word_1_73' title='bbox 1166 2259 1263 2326; x_wconf 81' lang='lat' dir='ltr'>esset,</span> <span class='ocrx_word' id='word_1_74' title='bbox 1298 2257 1392 2312; x_wconf 88' lang='lat' dir='ltr'>tanta</span> <span class='ocrx_word' id='word_1_75' title='bbox 1467 2233 1469 2308; x_wconf 58' lang='grc' dir='ltr'>ἶ</span> 
     </span>
     <span class='ocr_line' id='line_1_13' title="bbox 285 2356 1393 2446; baseline -0.009 -16"><span class='ocrx_word' id='word_1_76' title='bbox 285 2363 391 2446; x_wconf 86' lang='lat' dir='ltr'>caepit</span> <span class='ocrx_word' id='word_1_77' title='bbox 410 2359 569 2445; x_wconf 76' lang='lat' dir='ltr'>probitate</span> <span class='ocrx_word' id='word_1_78' title='bbox 589 2357 725 2440; x_wconf 83' lang='lat' dir='ltr'>potiere,</span> <span class='ocrx_word' id='word_1_79' title='bbox 760 2367 795 2420; x_wconf 92' lang='lat' dir='ltr'>ut</span> <span class='ocrx_word' id='word_1_80' title='bbox 815 2356 1050 2424; x_wconf 82' lang='lat' dir='ltr'>confluentibus</span> <span class='ocrx_word' id='word_1_81' title='bbox 1070 2358 1112 2432; x_wconf 90' lang='lat' dir='ltr'>ad</span> <span class='ocrx_word' id='word_1_82' title='bbox 1133 2377 1205 2420; x_wconf 88' lang='lat' dir='ltr'>eum</span> <span class='ocrx_word' id='word_1_83' title='bbox 1226 2356 1393 2434; x_wconf 75' lang='lat' dir='ltr'>Troianis,</span> 
     </span>
     <span class='ocr_line' id='line_1_14' title="bbox 286 2463 1470 2556; baseline -0.003 -24"><span class='ocrx_word' id='word_1_84' title='bbox 286 2471 343 2556; x_wconf 90' lang='lat' dir='ltr'>qui</span> <span class='ocrx_word' id='word_1_85' title='bbox 380 2467 425 2531; x_wconf 93' lang='lat' dir='ltr'>ibi</span> <span class='ocrx_word' id='word_1_86' title='bbox 464 2463 579 2548; x_wconf 85' lang='lat' dir='ltr'>captivi</span> <span class='ocrx_word' id='word_1_87' title='bbox 621 2463 841 2540; x_wconf 86' lang='lat' dir='ltr'>habebantur,</span> <span class='ocrx_word' id='word_1_88' title='bbox 884 2485 996 2530; x_wconf 90' lang='lat' dir='ltr'>eorum</span> <span class='ocrx_word' id='word_1_89' title='bbox 1034 2466 1196 2529; x_wconf 85' lang='lat' dir='ltr'>sortiretur</span> <span class='ocrx_word' id='word_1_90' title='bbox 1227 2465 1395 2532; x_wconf 76' lang='lat' dir='ltr'>duosam.</span> <span class='ocrx_word' id='word_1_91' title='bbox 1469 2467 1470 2470; x_wconf 72' lang='grc'>’</span> 
     </span>
     <span class='ocr_line' id='line_1_15' title="bbox 287 2572 1397 2660; baseline -0.002 -19"><span class='ocrx_word' id='word_1_92' title='bbox 287 2577 433 2660; x_wconf 86' lang='lat' dir='ltr'>Quorum</span> <span class='ocrx_word' id='word_1_93' title='bbox 452 2575 548 2637; x_wconf 84' lang='lat' dir='ltr'>fretus</span> <span class='ocrx_word' id='word_1_94' title='bbox 568 2572 769 2638; x_wconf 87' lang='lat' dir='ltr'>multitudine</span> <span class='ocrx_word' id='word_1_95' title='bbox 787 2583 819 2638; x_wconf 88' lang='lat' dir='ltr'>et</span> <span class='ocrx_word' id='word_1_96' title='bbox 841 2573 997 2638; x_wconf 87' lang='lat' dir='ltr'>animatus</span> <span class='ocrx_word' id='word_1_97' title='bbox 1017 2575 1164 2651; x_wconf 85' lang='lat' dir='ltr'>consitio,</span> <span class='ocrx_word' id='word_1_98' title='bbox 1178 2575 1397 2658; x_wconf 81' lang='lat' dir='ltr'>petiitaPan·</span> 
     </span>
     <span class='ocr_line' id='line_1_16' title="bbox 287 2681 1396 2768; baseline -0.003 -18"><span class='ocrx_word' id='word_1_99' title='bbox 287 2686 402 2760; x_wconf 89' lang='lat' dir='ltr'>droso,</span> <span class='ocrx_word' id='word_1_100' title='bbox 426 2703 499 2768; x_wconf 78' lang='lat' dir='ltr'>rege</span> <span class='ocrx_word' id='word_1_101' title='bbox 519 2681 733 2758; x_wconf 82' lang='lat' dir='ltr'>Graecorum,</span> <span class='ocrx_word' id='word_1_102' title='bbox 756 2681 931 2746; x_wconf 89' lang='lat' dir='ltr'>libertatem</span> <span class='ocrx_word' id='word_1_103' title='bbox 952 2683 1050 2748; x_wconf 91' lang='lat' dir='ltr'>eundi</span> <span class='ocrx_word' id='word_1_104' title='bbox 1072 2682 1114 2749; x_wconf 93' lang='lat' dir='ltr'>ad</span> <span class='ocrx_word' id='word_1_105' title='bbox 1136 2683 1212 2748; x_wconf 84' lang='lat' dir='ltr'>alias</span> <span class='ocrx_word' id='word_1_106' title='bbox 1233 2683 1396 2757; x_wconf 78' lang='lat' dir='ltr'>nationes.</span> 
     </span>
     <span class='ocr_line' id='line_1_17' title="bbox 288 2789 1472 2875; baseline -0.003 -17"><span class='ocrx_word' id='word_1_107' title='bbox 288 2793 358 2858; x_wconf 81' lang='lat' dir='ltr'>Rex</span> <span class='ocrx_word' id='word_1_108' title='bbox 389 2811 464 2859; x_wconf 82' lang='lat' dir='ltr'>vero</span> <span class='ocrx_word' id='word_1_109' title='bbox 493 2791 539 2856; x_wconf 88' lang='lat' dir='ltr'>ira</span> <span class='ocrx_word' id='word_1_110' title='bbox 567 2801 751 2875; x_wconf 81' lang='lat' dir='ltr'>permotus,</span> <span class='ocrx_word' id='word_1_111' title='bbox 780 2789 864 2857; x_wconf 85' lang='lat' dir='ltr'>bello</span> <span class='ocrx_word' id='word_1_112' title='bbox 892 2812 949 2856; x_wconf 91' lang='lat' dir='ltr'>eos</span> <span class='ocrx_word' id='word_1_113' title='bbox 980 2803 1143 2858; x_wconf 77' lang='lat' dir='ltr'>conterere</span> <span class='ocrx_word' id='word_1_114' title='bbox 1173 2791 1291 2867; x_wconf 80' lang='lat' dir='ltr'>votuit,</span> <span class='ocrx_word' id='word_1_115' title='bbox 1337 2789 1399 2856; x_wconf 79' lang='lat' dir='ltr'>aed</span> <span class='ocrx_word' id='word_1_116' title='bbox 1471 2849 1472 2854; x_wconf 73' lang='grc'>,</span> 
     </span>
     <span class='ocr_line' id='line_1_18' title="bbox 288 2897 1399 2989; baseline -0.004 -21"><span class='ocrx_word' id='word_1_117' title='bbox 288 2922 497 2989; x_wconf 88' lang='lat' dir='ltr'>nequaquam</span> <span class='ocrx_word' id='word_1_118' title='bbox 540 2899 654 2982; x_wconf 87' lang='lat' dir='ltr'>potuit.</span> <span class='ocrx_word' id='word_1_119' title='bbox 711 2897 791 2962; x_wconf 87' lang='lat' dir='ltr'>Nam</span> <span class='ocrx_word' id='word_1_120' title='bbox 816 2899 963 2965; x_wconf 59' lang='lat' dir='ltr'>‘victoria</span> <span class='ocrx_word' id='word_1_121' title='bbox 1000 2901 1082 2967; x_wconf 83' lang='lat' dir='ltr'>adeo</span> <span class='ocrx_word' id='word_1_122' title='bbox 1114 2902 1212 2965; x_wconf 80' lang='lat' dir='ltr'>bruto</span> <span class='ocrx_word' id='word_1_123' title='bbox 1244 2919 1399 2985; x_wconf 74' lang='lat' dir='ltr'>prospem</span> 
     </span>
     <span class='ocr_line' id='line_1_19' title="bbox 289 3004 1399 3095; baseline -0.004 -19"><span class='ocrx_word' id='word_1_124' title='bbox 289 3011 396 3084; x_wconf 83' lang='lat' dir='ltr'>venit,</span> <span class='ocrx_word' id='word_1_125' title='bbox 428 3017 463 3070; x_wconf 84' lang='lat' dir='ltr'>ut</span> <span class='ocrx_word' id='word_1_126' title='bbox 484 3005 624 3091; x_wconf 85' lang='lat' dir='ltr'>piurimis</span> <span class='ocrx_word' id='word_1_127' title='bbox 644 3004 684 3070; x_wconf 89' lang='lat' dir='ltr'>de</span> <span class='ocrx_word' id='word_1_128' title='bbox 704 3005 843 3070; x_wconf 82' lang='lat' dir='ltr'>exercitu</span> <span class='ocrx_word' id='word_1_129' title='bbox 862 3008 942 3090; x_wconf 81' lang='lat' dir='ltr'>regis</span> <span class='ocrx_word' id='word_1_130' title='bbox 960 3011 1146 3095; x_wconf 83' lang='lat' dir='ltr'>peremptis,</span> <span class='ocrx_word' id='word_1_131' title='bbox 1168 3011 1272 3095; x_wconf 81' lang='lat' dir='ltr'>ipsum</span> <span class='ocrx_word' id='word_1_132' title='bbox 1289 3029 1399 3093; x_wconf 84' lang='lat' dir='ltr'>regem</span> 
     </span>
     <span class='ocr_line' id='line_1_20' title="bbox 291 3113 1400 3204; baseline 0.003 -26"><span class='ocrx_word' id='word_1_133' title='bbox 291 3125 430 3202; x_wconf 78' lang='lat' dir='ltr'>caperet.</span> <span class='ocrx_word' id='word_1_134' title='bbox 473 3113 552 3200; x_wconf 75' lang='lat' dir='ltr'>Regi</span> <span class='ocrx_word' id='word_1_135' title='bbox 574 3124 679 3180; x_wconf 89' lang='lat' dir='ltr'>autem</span> <span class='ocrx_word' id='word_1_136' title='bbox 700 3125 834 3180; x_wconf 86' lang='lat' dir='ltr'>mortem</span> <span class='ocrx_word' id='word_1_137' title='bbox 855 3117 1012 3194; x_wconf 81' lang='lat' dir='ltr'>minatus,</span> <span class='ocrx_word' id='word_1_138' title='bbox 1047 3119 1105 3182; x_wconf 90' lang='lat' dir='ltr'>nisi</span> <span class='ocrx_word' id='word_1_139' title='bbox 1136 3118 1317 3204; x_wconf 80' lang='lat' dir='ltr'>rogantibus</span> <span class='ocrx_word' id='word_1_140' title='bbox 1332 3135 1400 3182; x_wconf 82' lang='lat' dir='ltr'>an·</span> 
     </span>
     <span class='ocr_line' id='line_1_21' title="bbox 292 3222 1402 3310; baseline -0.002 -18"><span class='ocrx_word' id='word_1_141' title='bbox 292 3234 427 3298; x_wconf 75' lang='lat' dir='ltr'>noaret,</span> <span class='ocrx_word' id='word_1_142' title='bbox 460 3223 561 3306; x_wconf 80' lang='lat' dir='ltr'>exegit</span> <span class='ocrx_word' id='word_1_143' title='bbox 591 3222 633 3286; x_wconf 93' lang='lat' dir='ltr'>ab</span> <span class='ocrx_word' id='word_1_144' title='bbox 665 3243 704 3288; x_wconf 83' lang='lat' dir='ltr'>eo</span> <span class='ocrx_word' id='word_1_145' title='bbox 736 3223 835 3290; x_wconf 90' lang='lat' dir='ltr'>filiam</span> <span class='ocrx_word' id='word_1_146' title='bbox 856 3245 945 3290; x_wconf 88' lang='lat' dir='ltr'>suam</span> <span class='ocrx_word' id='word_1_147' title='bbox 967 3227 1001 3290; x_wconf 88' lang='lat' dir='ltr'>in</span> <span class='ocrx_word' id='word_1_148' title='bbox 1023 3227 1230 3310; x_wconf 84' lang='lat' dir='ltr'>coniugium,</span> <span class='ocrx_word' id='word_1_149' title='bbox 1265 3235 1296 3290; x_wconf 88' lang='lat' dir='ltr'>et</span> <span class='ocrx_word' id='word_1_150' title='bbox 1330 3227 1402 3290; x_wconf 79' lang='lat' dir='ltr'>auri</span> 
     </span>
     <span class='ocr_line' id='line_1_22' title="bbox 293 3331 1401 3422; baseline 0 -22"><span class='ocrx_word' id='word_1_151' title='bbox 293 3345 391 3422; x_wconf 86' lang='lat' dir='ltr'>atque</span> <span class='ocrx_word' id='word_1_152' title='bbox 422 3331 546 3416; x_wconf 83' lang='lat' dir='ltr'>argenti</span> <span class='ocrx_word' id='word_1_153' title='bbox 576 3331 705 3415; x_wconf 82' lang='lat' dir='ltr'>copiam</span> <span class='ocrx_word' id='word_1_154' title='bbox 732 3333 882 3410; x_wconf 84' lang='lat' dir='ltr'>multam,</span> <span class='ocrx_word' id='word_1_155' title='bbox 916 3354 1031 3410; x_wconf 82' lang='lat' dir='ltr'>naves,</span> <span class='ocrx_word' id='word_1_156' title='bbox 1065 3335 1261 3398; x_wconf 84' lang='lat' dir='ltr'>frumentum</span> <span class='ocrx_word' id='word_1_157' title='bbox 1293 3345 1401 3400; x_wconf 84' lang='lat' dir='ltr'>eaete-</span> 
     </span>
     <span class='ocr_line' id='line_1_23' title="bbox 293 3440 1404 3530; baseline -0.002 -20"><span class='ocrx_word' id='word_1_158' title='bbox 293 3463 395 3529; x_wconf 87' lang='lat' dir='ltr'>raqua</span> <span class='ocrx_word' id='word_1_159' title='bbox 424 3440 547 3506; x_wconf 89' lang='lat' dir='ltr'>marino</span> <span class='ocrx_word' id='word_1_160' title='bbox 576 3440 680 3507; x_wconf 86' lang='lat' dir='ltr'>itineri</span> <span class='ocrx_word' id='word_1_161' title='bbox 711 3443 896 3510; x_wconf 82' lang='lat' dir='ltr'>necessaria.</span> <span class='ocrx_word' id='word_1_162' title='bbox 946 3442 1099 3524; x_wconf 86' lang='lat' dir='ltr'>Quaesitis</span> <span class='ocrx_word' id='word_1_163' title='bbox 1128 3444 1222 3528; x_wconf 86' lang='lat' dir='ltr'>igitur</span> <span class='ocrx_word' id='word_1_164' title='bbox 1252 3465 1289 3509; x_wconf 86' lang='lat' dir='ltr'>er</span> <span class='ocrx_word' id='word_1_165' title='bbox 1321 3447 1404 3530; x_wconf 73' lang='lat' dir='ltr'>reg&#39;n</span> 
     </span>
     <span class='ocr_line' id='line_1_24' title="bbox 294 3551 1402 3639; baseline 0.001 -22"><span class='ocrx_word' id='word_1_166' title='bbox 294 3551 426 3638; x_wconf 87' lang='lat' dir='ltr'>imperio</span> <span class='ocrx_word' id='word_1_167' title='bbox 468 3551 539 3636; x_wconf 88' lang='lat' dir='ltr'>pius</span> <span class='ocrx_word' id='word_1_168' title='bbox 579 3570 679 3636; x_wconf 89' lang='lat' dir='ltr'>quam</span> <span class='ocrx_word' id='word_1_169' title='bbox 710 3572 770 3620; x_wconf 87' lang='lat' dir='ltr'>ooo</span> <span class='ocrx_word' id='word_1_170' title='bbox 800 3552 934 3618; x_wconf 80' lang='lat' dir='ltr'>naribus</span> <span class='ocrx_word' id='word_1_171' title='bbox 965 3573 1004 3618; x_wconf 84' lang='lat' dir='ltr'>ex</span> <span class='ocrx_word' id='word_1_172' title='bbox 1034 3554 1123 3618; x_wconf 88' lang='lat' dir='ltr'>omni</span> <span class='ocrx_word' id='word_1_173' title='bbox 1155 3575 1266 3639; x_wconf 78' lang='lat' dir='ltr'>genere</span> <span class='ocrx_word' id='word_1_174' title='bbox 1297 3575 1402 3619; x_wconf 89' lang='lat' dir='ltr'>rerum</span> 
     </span>
     <span class='ocr_line' id='line_1_25' title="bbox 296 3659 1405 3748; baseline 0.002 -21"><span class='ocrx_word' id='word_1_175' title='bbox 296 3661 454 3734; x_wconf 84' lang='lat' dir='ltr'>oneratis.</span> <span class='ocrx_word' id='word_1_176' title='bbox 488 3659 632 3724; x_wconf 85' lang='lat' dir='ltr'>Troianis</span> <span class='ocrx_word' id='word_1_177' title='bbox 661 3679 806 3745; x_wconf 85' lang='lat' dir='ltr'>quoque</span> <span class='ocrx_word' id='word_1_178' title='bbox 823 3681 904 3728; x_wconf 83' lang='lat' dir='ltr'>auro</span> <span class='ocrx_word' id='word_1_179' title='bbox 933 3670 964 3728; x_wconf 84' lang='lat' dir='ltr'>et</span> <span class='ocrx_word' id='word_1_180' title='bbox 995 3674 1139 3748; x_wconf 76' lang='lat' dir='ltr'>argento.</span> <span class='ocrx_word' id='word_1_181' title='bbox 1159 3663 1296 3748; x_wconf 83' lang='lat' dir='ltr'>plurimo</span> <span class='ocrx_word' id='word_1_182' title='bbox 1318 3664 1405 3730; x_wconf 84' lang='lat' dir='ltr'>dita·</span> 
     </span>
    </p>
   </div>
   <div class='ocr_carea' id='block_1_7' title="bbox 188 3765 1405 3860">
    <p class='ocr_par' dir='ltr' id='par_1_7' title="bbox 188 3765 1405 3860">
     <span class='ocr_line' id='line_1_26' title="bbox 188 3765 1405 3860; baseline 0.002 -25"><span class='ocrx_word' id='word_1_183' title='bbox 188 3804 191 3810; x_wconf 91' lang='lat'>·</span> <span class='ocrx_word' id='word_1_184' title='bbox 297 3771 354 3844; x_wconf 81' lang='lat' dir='ltr'>tia,</span> <span class='ocrx_word' id='word_1_185' title='bbox 379 3767 494 3829; x_wconf 88' lang='lat' dir='ltr'>Brutus</span> <span class='ocrx_word' id='word_1_186' title='bbox 514 3766 595 3851; x_wconf 82' lang='lat' dir='ltr'>regis</span> <span class='ocrx_word' id='word_1_187' title='bbox 614 3765 715 3833; x_wconf 82' lang='lat' dir='ltr'>titiam</span> <span class='ocrx_word' id='word_1_188' title='bbox 738 3767 884 3852; x_wconf 78' lang='lat' dir='ltr'>aceepit.</span> <span class='ocrx_word' id='word_1_189' title='bbox 906 3779 937 3835; x_wconf 83' lang='lat' dir='ltr'>et</span> <span class='ocrx_word' id='word_1_190' title='bbox 958 3772 1094 3836; x_wconf 89' lang='lat' dir='ltr'>salutato</span> <span class='ocrx_word' id='word_1_191' title='bbox 1114 3791 1188 3856; x_wconf 81' lang='lat' dir='ltr'>rege</span> <span class='ocrx_word' id='word_1_192' title='bbox 1210 3791 1405 3860; x_wconf 85' lang='lat' dir='ltr'>aequoreum</span> 
     </span>
    </p>
   </div>
   <div class='ocr_carea' id='block_1_8' title="bbox 258 3875 1408 4293">
    <p class='ocr_par' dir='ltr' id='par_1_8' title="bbox 258 3875 1408 4293">
     <span class='ocr_line' id='line_1_27' title="bbox 297 3875 1405 3962; baseline 0.005 -20"><span class='ocrx_word' id='word_1_193' title='bbox 297 3879 356 3947; x_wconf 88' lang='lat' dir='ltr'>iter</span> <span class='ocrx_word' id='word_1_194' title='bbox 377 3891 536 3962; x_wconf 78' lang='lat' dir='ltr'>aggressus</span> <span class='ocrx_word' id='word_1_195' title='bbox 556 3880 621 3948; x_wconf 80' lang='lat' dir='ltr'>est,</span> <span class='ocrx_word' id='word_1_196' title='bbox 654 3881 685 3938; x_wconf 86' lang='lat' dir='ltr'>et</span> <span class='ocrx_word' id='word_1_197' title='bbox 714 3875 858 3958; x_wconf 88' lang='lat' dir='ltr'>pervenit</span> <span class='ocrx_word' id='word_1_198' title='bbox 890 3875 933 3942; x_wconf 90' lang='lat' dir='ltr'>ad</span> <span class='ocrx_word' id='word_1_199' title='bbox 955 3877 1090 3944; x_wconf 83' lang='lat' dir='ltr'>insulam</span> <span class='ocrx_word' id='word_1_200' title='bbox 1112 3880 1250 3945; x_wconf 83' lang='lat' dir='ltr'>nornine</span> <span class='ocrx_word' id='word_1_201' title='bbox 1267 3879 1405 3958; x_wconf 73' lang='lat' dir='ltr'>Albion,</span> 
     </span>
     <span class='ocr_line' id='line_1_28' title="bbox 298 3979 1408 4078; baseline 0.01 -30"><span class='ocrx_word' id='word_1_202' title='bbox 298 4007 383 4072; x_wconf 84' lang='lat' dir='ltr'>quae</span> <span class='ocrx_word' id='word_1_203' title='bbox 416 4004 434 4048; x_wconf 87' lang='lat' dir='ltr'>a</span> <span class='ocrx_word' id='word_1_204' title='bbox 466 3979 538 4046; x_wconf 78' lang='lat' dir='ltr'>sotir</span> <span class='ocrx_word' id='word_1_205' title='bbox 567 3979 747 4065; x_wconf 82' lang='lat' dir='ltr'>gigantibus</span> <span class='ocrx_word' id='word_1_206' title='bbox 775 3982 1033 4062; x_wconf 84' lang='lat' dir='ltr'>inhabitabatur,</span> <span class='ocrx_word' id='word_1_207' title='bbox 1071 4008 1146 4054; x_wconf 84' lang='lat' dir='ltr'>orror</span> <span class='ocrx_word' id='word_1_208' title='bbox 1176 3989 1292 4074; x_wconf 77' lang='lat' dir='ltr'>qrribtrs</span> <span class='ocrx_word' id='word_1_209' title='bbox 1312 4011 1408 4078; x_wconf 80' lang='lat' dir='ltr'>saepe</span> 
     </span>
     <span class='ocr_line' id='line_1_29' title="bbox 299 4087 1407 4186; baseline 0.005 -28"><span class='ocrx_word' id='word_1_210' title='bbox 299 4102 461 4158; x_wconf 80' lang='lat' dir='ltr'>certamen</span> <span class='ocrx_word' id='word_1_211' title='bbox 482 4087 675 4159; x_wconf 85' lang='lat' dir='ltr'>hahuerunt.</span> <span class='ocrx_word' id='word_1_212' title='bbox 718 4091 857 4161; x_wconf 80' lang='lat' dir='ltr'>Tandem</span> <span class='ocrx_word' id='word_1_213' title='bbox 892 4094 1005 4164; x_wconf 78' lang='lat' dir='ltr'>brutus</span> <span class='ocrx_word' id='word_1_214' title='bbox 1037 4095 1078 4160; x_wconf 85' lang='lat' dir='ltr'>dr</span> <span class='ocrx_word' id='word_1_215' title='bbox 1109 4098 1154 4162; x_wconf 85' lang='lat' dir='ltr'>eis</span> <span class='ocrx_word' id='word_1_216' title='bbox 1185 4099 1407 4186; x_wconf 81' lang='lat' dir='ltr'>triumphans,</span> 
     </span>
     <span class='ocr_line' id='line_1_30' title="bbox 258 4199 1408 4293; baseline 0.007 -27"><span class='ocrx_word' id='word_1_217' title='bbox 258 4203 260 4208; x_wconf 54' lang='lat'><strong><em>⁴</em></strong></span> <span class='ocrx_word' id='word_1_218' title='bbox 300 4221 355 4267; x_wconf 92' lang='lat' dir='ltr'>eos</span> <span class='ocrx_word' id='word_1_219' title='bbox 374 4199 452 4266; x_wconf 87' lang='lat' dir='ltr'>inde</span> <span class='ocrx_word' id='word_1_220' title='bbox 472 4200 630 4284; x_wconf 78' lang='lat' dir='ltr'>effugarit,</span> <span class='ocrx_word' id='word_1_221' title='bbox 653 4199 895 4272; x_wconf 83' lang='lat' dir='ltr'>etiiritanniaua</span> <span class='ocrx_word' id='word_1_222' title='bbox 907 4205 1071 4283; x_wconf 81' lang='lat' dir='ltr'>maiorem,</span> <span class='ocrx_word' id='word_1_223' title='bbox 1095 4225 1280 4291; x_wconf 78' lang='lat' dir='ltr'>quaeaune</span> <span class='ocrx_word' id='word_1_224' title='bbox 1292 4209 1408 4293; x_wconf 77' lang='lat' dir='ltr'>Angtta</span> 
     </span>
    </p>
   </div>
   <div class='ocr_carea' id='block_1_9' title="bbox 0 0 1518 5144">
    <p class='ocr_par' dir='ltr' id='par_1_9' title="bbox 0 0 1518 5144">
     <span class='ocr_line' id='line_1_31' title="bbox 0 0 1518 5144; baseline 0 0"><span class='ocrx_word' id='word_1_225' title='bbox 0 0 1518 5144; x_wconf 95' lang='lat' dir='ltr'> </span> 
     </span>
    </p>
   </div>
  </div>
 </body>
</html>
