2950 5144
277 505 322 568 80
719 499 942 564 WORPERI

276 687 368 734 sacro
399 669 486 733 fonte
520 669 615 735 levari
645 669 752 735 vomit.
795 667 858 731 Sed
879 676 1006 732 mortua
1027 669 1146 743 Hane.
1178 665 1387 730 maximiliani

276 787 385 863 postea
417 778 640 844 Romanorum
673 778 752 862 regis
772 796 890 854 uxore,
924 777 1054 843 Carolus
1075 778 1141 843 dux
1162 777 1283 843 Gelriae
1305 775 1388 860 fugit

277 887 319 950 ad
351 883 472 962 Gallos,
513 887 603 950 unde
634 895 815 949 maternum
848 885 942 950 traxit
973 907 1082 972 genus.
1135 885 1258 950 Deinde
1291 903 1387 948 anno

277 995 404 1058 Domini
443 994 615 1059 mccccxcii
657 992 807 1070 Carolus,
850 992 965 1057 auxilio
1009 995 1089 1080 regis
1123 981 1320 1058 Francorum
1352 999 1387 1054 et
1464 1031 1465 1034 =

276 1122 404 1167 suorum
437 1103 632 1179 amicorum,
655 1119 793 1166 reversus
812 1112 857 1165 est
879 1101 914 1164 in
936 1099 1072 1167 Gelriam
1095 1103 1210 1168 terram
1231 1111 1262 1166 et
1282 1100 1388 1185 patri·

278 1227 331 1274 etn
360 1228 468 1286 suam.
503 1221 535 1274 et
566 1231 640 1276 cum
660 1210 778 1296 gaudio
800 1227 921 1295 magno
938 1199 1101 1294 ¹susceptus
1119 1221 1167 1275 est
1189 1210 1232 1274 ab
1252 1210 1383 1285 incolis,
1464 1199 1465 1270 l

278 1329 308 1384 et
330 1319 483 1402 paulatim
505 1323 699 1401 recuperavit
720 1327 824 1382 castra
844 1327 875 1380 et
897 1318 1037 1383 civitates
1057 1318 1305 1402 suassexpulsis
1325 1322 1391 1380 aut·
1464 1323 1465 1408 J

277 1425 468 1512 fugientibus
498 1426 689 1492 adversariis.
736 1425 772 1489 ttt
802 1427 966 1490 constituit
996 1429 1114 1512 proelia
1146 1427 1246 1490 multa
1267 1435 1388 1491 contra
1464 1417 1465 1452 ³

280 1535 392 1601 duces·
408 1534 617 1599 Iuliocenscm
649 1544 680 1598 et
700 1533 877 1599 Glivensem
897 1544 928 1599 ct
950 1535 1046 1614 alios,
1080 1536 1137 1622 qui
1158 1536 1304 1600 iuverant
1325 1534 1388 1598 du·

280 1631 358 1707 cem
392 1641 593 1728 Burgundiae
633 1649 748 1706 contra
789 1651 903 1705 terram
944 1645 1042 1710 suam.
1095 1641 1164 1709 Fuit
1205 1656 1235 1710 et
1267 1645 1388 1710 belluna

277 1741 483 1835 interipsum
504 1760 535 1814 ct
556 1750 653 1815 duces
672 1750 873 1835 Burgundiae
892 1751 1050 1836 usquein
1071 1753 1386 1836 praesentem'diem,

279 1869 312 1923 et
340 1857 548 1944 multiplicem
569 1863 652 1923 sunt
682 1858 766 1922 male
796 1879 864 1923 non
885 1859 986 1923 solum
1006 1860 1202 1938 in·ttetris,·'
1221 1861 1276 1926 sed
1298 1873 1329 1926 ct
1350 1861 1387 1926 in

280 1957 428 2032 omnibus
449 1969 537 2032 terris
557 1977 588 2032 ct
609 1967 786 2052 regionibus
807 1967 927 2032 circum
947 1969 1099 2047 Gelriam',
1124 1979 1155 2034 et
1177 1969 1284 2036 adhuc
1305 1991 1389 2034 non·
1464 2023 1465 2054 3

281 2076 360 2140 dum
381 2083 429 2141 est
446 2076 530 2144 finis.
573 2071 660 2142 llaec
694 2097 801 2162 pauca
835 2067 1005 2142 occasione
1036 2062 1313 2144 ducatus'Gelriae
1336 2079 1389 2144 hic

281 2186 367 2250 dicta
406 2186 586 2268 mfficiant3
625 2186 708 2250 intra
740 2206 816 2251 vero
847 2189 910 2250 suis
937 2187 972 2250 in
1005 2187 1084 2254 locis
1104 2167 1244 2272 ‘plenius'
1268 2187 1310 2251 de
1341 2185 1389 2250 lris

281 2295 432 2360 dicemus.
1023 2301 1026 2308 '
1333 2271 1337 2288 ¹

324 2405 369 2468 De
399 2403 519 2466 ducatu
551 2398 819 2466 autemcttvenst
850 2401 927 2466 nihil
957 2403 1059 2467 relatu
1078 2403 1212 2490 dignum
1233 2402 1387 2488 tellegi,

280 2513 328 2578 rel
360 2510 475 2574 audivi.
519 2509 566 2574 Ne
588 2521 695 2574 temen
719 2511 854 2594 neglecti
875 2521 929 2574 eut
950 2513 1155 2596 praetermissi
1180 2503 1270 2598 (quill
1290 2511 1389 2576 vicini
1463 2503 1465 2518 '

281 2625 354 2684 sunt
384 2619 497 2703 Frisiis)
530 2641 548 2684 a
580 2619 675 2683 nobis
704 2619 892 2696 rideantur,
926 2621 1057 2684 referam
1087 2613 1177 2706 quod
1209 2620 1321 2705 legitur
1353 2621 1388 2684 in
1464 2639 1465 2708 j

282 2728 362 2792 libro
391 2727 435 2794 de
465 2727 558 2792 rebus
586 2737 617 2792 et
649 2727 843 2812 temporibus
872 2721 1115 2804 memoralibus,
1147 2728 1224 2790 nbi
1246 2727 1388 2804 dicitur}

281 2836 371 2924 quod
393 2838 532 2900 mortius
546 2836 586 2898 de
607 2845 712 2900 castro
733 2836 852 2898 flumen
875 2837 1023 2899 omnibus
1044 2836 1388 2920 attidperunentibtrs,
1464 2889 1465 2892 ,

283 2965 350 3010 una
370 2947 437 3008 sola
458 2944 580 3026 puella.
605 2943 671 3006 filia
693 2943 816 3005 comitis
837 2941 1003 3019 clivensis,
1019 2953 1022 2959 '
1037 2944 1289 3030 superstesfuit,
1313 2945 1390 3008 itm
1463 2955 1465 3008 t

283 3051 397 3120 nubilis
425 3061 456 3115 et
487 3052 620 3114 multum
650 3051 802 3134 speciosa.
848 3051 938 3134 Quae
970 3052 1115 3138 quodam
1145 3053 1200 3118 die
1220 3055 1302 3118 iuxta
1322 3053 1393 3118 flua
1463 3013 1465 3082 ¹

283 3181 358 3226 men
388 3160 494 3227 Rheni
513 3175 626 3245 ²prcpe
656 3161 774 3223 llussen
805 3179 879 3224 curn
912 3163 1022 3246 puellis
1054 3173 1085 3226 et
1103 3163 1253 3227 militibus
1275 3161 1390 3227 ambu-

284 3270 373 3345 lans,
406 3267 481 3334 vidit
512 3287 652 3354 cygnum
685 3269 719 3330 in
742 3267 878 3332 cathena
901 3280 1050 3352 argentea
1073 3271 1250 3336 trahentem
1271 3291 1390 3337 navem

284 3379 327 3442 ad
343 3378 461 3453 littus,
495 3385 527 3440 et
556 3376 591 3439 in
623 3377 697 3442 navi
725 3375 876 3461 juvenem
907 3379 1166 3445 venustissimum.
1210 3381 1283 3463 Quo
1305 3383 1391 3446 littus

284 3487 479 3552 ascendente
511 3505 633 3573 cygnus
665 3505 778 3551 navem
812 3485 965 3562 abdunt,
1001 3498 1032 3551 et
1057 3487 1184 3575 juvenis
1214 3490 1250 3554 in
1284 3485 1390 3557 castro

283 3597 439 3682 colligitur
467 3602 498 3658 et
528 3594 659 3660 honeste
686 3599 851 3660 tractatur.
893 3595 1032 3660 Tandem
1064 3598 1167 3683 puella
1198 3599 1306 3685 gratiis
1322 3599 1390 3664 eitra
1462 3545 1465 3684 Ι

283 3711 402 3788 cepte,
432 3703 493 3767 'sibi
522 3705 796 3768 matrimonialiter
827 3701 1017 3788 copulatur,
1048 3708 1261 3793 'interposite
1280 3719 1390 3774 tamen
1464 3725 1465 3732 ³

283 3815 455 3898 pectione,
479 3831 517 3877 nc
538 3832 682 3900 unquam
704 3825 869 3899 quaereret
891 3814 1000 3890 abac,
1024 3818 1095 3902 quis
1114 3825 1210 3893 essct,
1224 3829 1279 3881 aut
1301 3817 1391 3882 unde

284 3925 423 3989 venisset.
467 3923 630 3989 Generant
657 3924 744 3986 filios
771 3933 802 3986 et
833 3923 924 3988 filias.
968 3923 1030 3988 Sed
1061 3927 1165 4009 puella
1188 3927 1319 3991 tandem
1343 3925 1391 3990 vel

285 4031 382 4095 oblita
399 4039 414 4107 “,’
438 4034 484 4095 vel
519 4033 559 4094 de
589 4032 654 4094 eius
686 4052 794 4096 amore
815 4031 957 4108 confiso,
994 4035 1082 4096 unde
1114 4038 1257 4112 venerit‚·
1283 4036 1390 4102 scisci·

284 4145 385 4204 tuton!
410 4139 485 4221 ‘Qui
506 4121 687 4225 respondit:
729 4140 817 4205 Sicut
839 4125 903 4204 dixi
915 4153 966 4215 ‚m
989 4142 1088 4206 modo
1110 4143 1296 4207 mediatore
1318 4129 1388 4207 non

284 4248 411 4333 poteris.
453 4249 502 4316 Ad
535 4251 618 4314 littus
647 4253 740 4336 er'go,
776 4248 861 4317 unde
893 4261 1042 4329 venerat,
1078 4253 1273 4337 regreditur,
1304 4261 1337 4317 et
1370 4273 1388 4316 a
