2916 5150
456 454 704 522 CHRONICON.
1073 457 1129 520 llll

16 662 25 720 p,
49 621 127 686 tertio
155 623 317 697 extiterat,
350 641 409 707 pro
439 631 522 687 statu
543 624 670 688 claustri
692 625 790 710 magis
810 625 1005 708 competenti
1027 631 1131 688 trans·

16 772 25 830 ᾗ
48 731 149 807 latum,
182 743 213 794 et
242 732 274 796 iu
295 731 447 816 parochia
468 731 622 796 Roldensi
642 733 676 795 iu
698 731 884 806 solitudine,
908 752 992 817 quae
1014 733 1130 798 llassen

16 881 25 938 ,·,
50 848 111 902 ante
139 838 334 915 vocabatur,
368 847 589 904 constructum
619 849 685 916 est,
720 839 808 904 unde
837 850 868 904 ct
889 859 1009 906 nomen
1032 847 1130 906 Auen

17 1009 25 1046 ᾖ
52 946 165 1030 aceepit.

16 1323 23 1372 l

16 1442 24 1482 a
73 1425 121 1483 Ite
138 1427 345 1485 willielmo
364 1430 505 1486 comite
523 1431 757 1488 llollundlac
776 1433 817 1488 et
834 1431 1094 1489 Romanorum

17 1551 25 1591 a,
344 1535 439 1590 rege
457 1538 481 1578 a
500 1525 640 1582 Frisiis
658 1525 803 1584 occiso.

479 1725 569 1792 CAP.
590 1727 684 1790 XXX.
794 1753 797 1756 ·

16 1985 26 2023 ‚,
83 1935 144 2000 Post
174 1949 311 2002 mortem
343 1939 489 2004 Florentii
522 1941 624 2003 laetus
644 1952 689 2004 est
711 1942 853 2005 decimus
872 1952 1002 2027 quartus
1023 1961 1129 2006 comes

16 2093 26 2136 ,
51 2040 214 2112 Hollandiae
242 2059 277 2112 et
298 2049 464 2112 Zalandiae
485 2049 670 2114 Wilhelmus
689 2049 770 2112 filius
791 2049 935 2112 Florentii
957 2051 1046 2114 liuius
1067 2071 1130 2115 no·

16 2184 26 2243 m
51 2151 125 2216 uiuis
143 2157 309 2221 secundus.
351 2157 412 2220 lste
434 2155 618 2221 Wilbelmus
640 2156 786 2240 vigesimo
808 2175 896 2218 auno
918 2159 1027 2219 aetatis
1043 2179 1128 2235 suae,

16 2289 27 2352 ,¹3
52 2277 123 2323 anno
143 2263 284 2328 videlicet
306 2264 433 2326 Domini
454 2263 608 2327 mccxlriii
629 2273 700 2347 post
722 2262 953 2347 depositionem
975 2263 1129 2329 Frederici

16 2419 27 2460 Ν,
51 2371 160 2433 aeuudi
188 2373 308 2436 electus
338 2382 383 2436 est
414 2371 568 2436 concordi
597 2381 673 2436 roto
703 2371 881 2456 principum
902 2371 1073 2435 electorum
1093 2372 1129 2436 in

16 2527 28 2567 „
50 2493 135 2559 regern
166 2479 400 2544 Romanorum.
445 2480 507 2560 Qui
540 2501 578 2544 ex
611 2500 700 2543 more
729 2480 878 2545 obsidens
899 2482 1129 2566 aquisgranum

16 2615 28 2696 p
50 2579 140 2648 habuit
169 2609 276 2652 secum
303 2607 360 2651 suo
381 2588 416 2650 in
439 2588 575 2651 exercitu
596 2587 758 2662 Frisones,
796 2598 892 2671 atque
912 2600 1043 2673 propter
1063 2589 1130 2654 ric·

16 2725 28 2784 p
50 2694 144 2758 loriam
172 2719 228 2780 per
260 2716 314 2760 eos
335 2707 559 2768 consecutam,
592 2714 740 2759 necnon
761 2694 969 2758 laudabilibus
990 2697 1129 2778 ipsorum

16 2841 27 2898 ,¹
50 2801 217 2870 facinoribus
236 2804 355 2870 ibidem
376 2804 463 2889 apud
475 2804 708 2888 Aquisgranum
730 2803 859 2866 ostensis
879 2803 1052 2867 delectatus
1063 2826 1126 2881 rex,

16 2940 33 3002 ,5
50 2909 190 2980 innovavit
221 2925 255 2980 et
285 2913 481 2978 confirmavit
511 2912 617 2974 omnia
649 2910 809 2995 privilegia
831 2932 850 2974 a
872 2909 988 2974 Carolo
1008 2931 1128 2998 magno

16 3064 28 3109 l,
50 3017 208 3087 Frisonibus
238 3042 400 3087 concessa.
455 3021 587 3104 Insuper
618 3029 652 3081 ut
684 3020 905 3083 munificentia
937 3020 1022 3105 regia
1055 3043 1129 3107 erga

16 3174 27 3216 „
50 3146 108 3191 suos
134 3133 238 3197 fideles
268 3132 411 3194 Frisones
440 3129 539 3213 magis
558 3129 785 3203 innotesceret,
819 3128 854 3190 iu
876 3138 1060 3211 perpetuam
1082 3132 1129 3195 sui

16 3274 26 3324 ,a
50 3242 213 3305 memoriam
235 3240 372 3306 contulit
393 3238 435 3301 eis
456 3237 563 3300 locum
583 3236 769 3320 specialem,
804 3257 895 3301 muro
917 3238 1017 3302 modo
1038 3240 1129 3306 ciuc-

16 3390 26 3433 ,.
50 3355 120 3426 tum,
151 3351 299 3418 ecclesiae
327 3345 467 3432 Aqueusi
497 3345 706 3428 contiguum,
740 3365 835 3428 quem
867 3346 952 3409 Frisii
972 3351 1130 3433 perpetuis

16 3501 25 3540 ,p
51 3459 237 3540 temporibus,
280 3455 412 3542 quaudo
440 3461 663 3518 sacrosanctae
693 3453 843 3537 reliquiae
872 3455 994 3538 populo
1026 3467 1130 3521 osten·

23 3615 37 3629 .,
51 3563 171 3654 duntur,
205 3576 390 3651 occupant,
428 3585 490 3628 nee
510 3563 667 3647 quispiam
688 3561 860 3624 alienorum
881 3562 914 3622 in
934 3575 1129 3645 praesentem

22 3692 23 3700 ¹
51 3689 133 3756 usque
172 3676 256 3742 diem
298 3677 366 3738 sine
397 3673 476 3738 scitu
506 3692 545 3735 ao
578 3688 737 3734 consensu
770 3668 935 3730 Frisonum
969 3690 1130 3755 occupare

21 3802 23 3850 3
49 3785 209 3860 praesumit.
253 3783 392 3868 Septimo
423 3801 514 3844 anno
544 3778 633 3863 regui
664 3777 710 3838 sui
732 3776 915 3840 Wilhelmus
935 3779 991 3842 iste
1013 3779 1054 3843 ud
1077 3804 1131 3846 ex·

51 3885 245 3956 hortationem
275 3890 456 3955 Innocentii
487 3909 590 3972 papae
623 3886 745 3971 quarti,
782 3887 890 3949 volens
910 3887 1047 3950 Romam
1069 3911 1130 3972 pro

50 3993 183 4081 imperiali
204 4000 435 4065 ¹benedictione
475 3995 662 4070 ascendere,
709 3994 794 4076 prius
825 3991 865 4057 ad
899 3995 1132 4062 llollandorum

16 4155 21 4187 ,
50 4099 253 4172 inductionem
283 4108 381 4172 voluit
412 4103 640 4170 occidentalem
670 4101 816 4176 Frisium,
849 4102 1051 4167 Hollandiam
1085 4109 1134 4189 (ut

23 4251 24 4254 ,
52 4208 97 4292 ait)
127 4215 382 4303 impugnantem,
418 4223 529 4279 contra
559 4208 687 4296 propria
718 4209 877 4294 privilegia
910 4210 1008 4274 Frisiis
1037 4215 1135 4298 paulo
1195 4269 1205 4292 ,

930 4371 932 4374 .
974 4323 1006 4384 ll
