2950 5144
319 472 358 535 12
759 465 981 531 Wottttnnt

318 637 389 703 viris
420 637 518 722 gentis
550 633 727 700 Frisonioae
756 631 880 697 duobus
910 631 1092 698 doctoribus
1123 630 1416 716 Groningensibus,

317 746 435 810 scilicet
465 742 598 806 domino
629 742 813 804 Hermanno
847 760 955 805 sacrae
980 739 1168 824 theologiae
1189 739 1359 824 professori
1381 761 1419 804 ac

316 852 466 918 ecclesiae
497 851 599 915 sancti
629 848 754 913 Martini
792 849 911 932 pastori
943 857 974 912 ct
1004 849 1046 913 ll.
1078 846 1204 912 Jacobo
1236 847 1347 933 Spyclr
1380 849 1419 913 de

317 959 452 1026 Colonia
484 958 609 1024 doctori
642 957 676 1019 in
698 955 861 1020 medicinis
881 964 942 1022 etc.
966 955 1102 1032 dicavit,
1135 956 1170 1019 in
1191 975 1258 1040 quo
1278 964 1420 1022 tractatu

319 1068 359 1132 de
399 1067 510 1152 orgine
543 1066 707 1129 Frisonum
739 1064 783 1128 sic
817 1063 951 1148 incipit:
1006 1064 1253 1129 Transeuntium
1284 1061 1417 1149 (inquit)

316 1177 455 1263 postulat
475 1173 578 1248 ordo,
599 1181 634 1235 ut
654 1172 753 1256 ipsam
775 1171 929 1255 originem
950 1172 1135 1251 Primnum,
1168 1182 1324 1259 quantum
1344 1192 1419 1257 pos·

318 1284 447 1350 sibilitas
465 1281 640 1355 ministrat,
673 1278 911 1362 perquiramus,
944 1279 1058 1362 partim
1078 1280 1171 1365 quod
1191 1301 1211 1344 a
1231 1279 1419 1346 venerabili·

318 1394 378 1458 bus
397 1391 468 1457 viris
488 1388 611 1465 audivi,
633 1386 749 1470 partim
769 1386 860 1470 quod
881 1387 912 1450 in
933 1385 1017 1450 libris
1037 1386 1174 1472 legendis
1187 1387 1297 1455 didici.
1326 1388 1418 1454 Circa

318 1520 439 1564 annum
461 1495 589 1560 Domini
609 1494 721 1568 lxxvii,
747 1502 887 1578 tempore
911 1493 1089 1579 Vespasiani
1108 1495 1320 1581 imperatoris,
1337 1497 1418 1564 duae

319 1617 427 1691 genter
456 1606 491 1668 in
521 1602 599 1668 orbe
618 1598 801 1685 spectabiles
820 1598 911 1667 valde
930 1600 1123 1666 humilitatae
1143 1612 1174 1666 et
1195 1602 1332 1670 afflictae
1351 1607 1418 1670 tire·

320 1721 406 1777 runt.
434 1711 537 1776 Prima
557 1718 624 1773 erat
645 1707 815 1785 flebratca,
838 1707 980 1772 secunda
1000 1708 1158 1776 Pictavioa
1179 1720 1241 1777 etc.
1273 1713 1311 1777 Et
1331 1725 1419 1800 post·

320 1841 417 1908 quam
448 1839 575 1884 causam
605 1826 637 1881 et
666 1815 811 1880 ordinem
833 1814 1013 1880 afflictionis
1033 1826 1064 1882 et
1085 1817 1307 1885 destructionis
1326 1842 1419 1907 prae-

322 1932 481 1997 dictarum
502 1927 645 2014 gentium
666 1924 711 1988 ad
730 1924 863 2010 longum
885 1924 1084 2008 supradictus
1106 1937 1219 1992 auctor
1240 1931 1360 2013 posuit,
1375 1931 1418 1995 ad

321 2049 466 2104 nostrum
486 2034 683 2122 propositum
704 2033 749 2097 sic
769 2032 944 2118 subiungit:
959 2032 1039 2097 Curn
1058 2034 1151 2118 igitur
1163 2036 1340 2103 miseranda
1352 2041 1418 2104 ola·

321 2149 377 2214 des
397 2145 583 2210 Hebraioam
603 2150 728 2227 gentem
749 2140 794 2205 sic
815 2140 948 2215 attrivit,
978 2140 1062 2204 Titus
1082 2143 1296 2210 misericordia
1315 2157 1418 2212 motus

320 2257 402 2320 duas
421 2253 594 2338 phalangas
613 2251 683 2314 neci
705 2247 876 2323 subtraxit,
903 2258 935 2312 et
956 2249 1035 2314 duas
1056 2261 1216 2316 contratas
1228 2253 1272 2338 (³⁵)
1294 2253 1419 2320 inbabi.

320 2363 429 2429 tabiles
457 2362 488 2426 in
510 2356 656 2423 Almania
677 2352 807 2418 tradidit
827 2354 891 2430 eis,
923 2355 1012 2418 simul
1031 2359 1248 2444 praecipiens,
1283 2382 1326 2428 ne
1346 2361 1418 2427 abbi

318 2475 533 2538 morarentur,
559 2473 612 2527 aut
631 2463 727 2528 alicui
747 2462 867 2546 populo
890 2464 1116 2553 cuiuscumque
1134 2467 1418 2553 linguaeautnati.

320 2578 391 2644 onis
412 2578 627 2662 iungerentur.
658 2575 772 2638 Dicunt
791 2574 955 2651 nonnulli,
969 2576 1059 2661 quod
1080 2577 1165 2642 Titus
1186 2579 1247 2646 boo
1267 2580 1361 2660 fecit,
1384 2593 1417 2647 ut

318 2687 474 2750 mitiorem
494 2684 538 2749 eis
558 2693 691 2748 mortem
723 2681 867 2758 inferret,
901 2682 978 2768 quia
998 2682 1237 2768 suspicabatur,
1269 2691 1362 2774 quod
1382 2693 1416 2754 in

317 2796 375 2860 illir
406 2795 503 2866 loeis,
537 2792 562 2855 si
591 2801 699 2856 tamen
720 2789 794 2853 illuc
814 2791 1037 2873 pervenirent,
1059 2813 1126 2858 non
1146 2795 1200 2858 diu
1219 2796 1322 2860 rivere
1342 2819 1418 2881 pos·
1474 2874 1475 2877 Ἴ

317 2912 404 2976 sent,
428 2911 495 2964 tum
515 2907 646 2983 propter
665 2898 781 2960 famem
802 2907 833 2960 ct
854 2898 1009 2964 miseriam
1030 2921 1130 2986 quam
1151 2902 1364 2969 sustinuerant
1385 2908 1418 2970 in

317 3010 504 3083 obsidione,
527 3016 594 3070 tum
622 3013 752 3090 propter
772 3005 918 3070 locorum
938 3007 1197 3092 ineptitudinem,
1221 3019 1252 3074 et
1272 3031 1419 3076 necessa·

317 3120 437 3182 riorum
467 3114 652 3181 carentiam.
694 3111 915 3178 nemortuima
943 3115 1035 3200 igitur
1066 3118 1320 3203 peregrinatione
1341 3140 1419 3186 oum

315 3224 414 3291 iubilo
434 3223 548 3310 grandi
569 3233 713 3308 suscepta
731 3234 885 3288 venerunt
907 3224 948 3289 ad
969 3227 1071 3310 Alpes,
1085 3227 1107 3292 i.
1118 3247 1148 3292 e.
1162 3239 1286 3293 montes
1297 3227 1417 3306 niveos,

316 3335 360 3400 ad
390 3353 528 3420 quorum
559 3332 681 3398 radices
701 3351 803 3415 paene
824 3330 1042 3398 inhabitabiles
1062 3334 1215 3420 deputata
1235 3337 1292 3402 fuit
1313 3339 1416 3421 prima

315 3454 419 3508 turma
440 3439 694 3525 supradictorum
714 3439 850 3506 exulum.
882 3441 920 3504 Et
940 3441 998 3506 iste
1014 3445 1150 3527 populus
1173 3447 1417 3514 nuncSwiten·
1471 3517 1473 3521 ἁ

313 3553 353 3616 sis
381 3561 535 3626 vocatur,
566 3557 597 3612 et
627 3556 710 3613 terra
741 3547 809 3631 ipsa
839 3547 947 3614 Switia
968 3550 1095 3620 dicitur.
1133 3554 1332 3620 Manentibus
1351 3557 1418 3620 istis

313 3661 348 3723 in
371 3669 452 3722 terra
472 3655 533 3719 bae
554 3663 744 3730 montuosa,
779 3655 896 3719 caeteri
927 3658 1062 3741 protecti
1093 3671 1167 3724 sunt
1200 3662 1243 3727 ad
1263 3662 1336 3730 loca
1357 3663 1416 3729 sibi

314 3767 485 3849 deputata,
519 3760 659 3827 videlicet
692 3759 735 3824 ad
766 3760 848 3825 littus
869 3761 989 3829 Oceani
1010 3765 1290 3852 septentrionalis,
1324 3773 1417 3859 quod

314 3870 493 3940 extenditur
536 3869 579 3935 ad
622 3867 766 3933 confinia
797 3878 935 3935 veterum
976 3871 1139 3942 Saxonum
1170 3887 1202 3942 et
1234 3901 1413 3959 novorum,

349 4105 394 4172 (*)
433 4107 617 4158 Contentus.
640 4103 796 4168 Gontrcda,
815 4108 836 4158 i.
854 4125 880 4164 e.
900 4111 993 4178 regio:
1013 4110 1071 4162 rid.
1099 4111 1252 4180 Vosstus,
1269 4118 1315 4167 De
1333 4117 1417 4170 vitiie

310 4213 394 4252 earm.
413 4202 494 4267 Lat„
514 4219 543 4268 p.
566 4200 627 4265 191,
647 4208 675 4252 et
694 4201 731 4254 A.
749 4200 810 4254 802.
