2916 5150
463 508 709 578 CHRONICON.
1086 512 1147 580 183

353 677 534 744 Tricesimus
555 681 672 765 primus
692 678 856 746 Articulus.

98 783 295 872 Quicumque
326 787 359 851 in
381 789 500 854 iudicio
521 789 681 865 debitum,
716 791 804 875 quod
827 789 927 853 abeo
949 799 1080 873 petitur,
1114 811 1146 855 sc

60 895 159 958 asserit
179 895 310 970 solvisse,
335 899 494 963 assertioni
514 920 601 977 snae,
623 900 678 962 nisi
701 898 826 964 dnobus
848 899 973 962 testibus
993 898 1056 963 fide
1077 899 1147 985 dig·
1227 897 1234 908 '

60 1000 101 1066 nis
119 1005 334 1088 praesentibus
355 1009 395 1071 de
414 1009 510 1092 spetie
530 1018 561 1074 et
582 1010 755 1093 quantitate
776 1007 871 1074 debiti
892 1008 1146 1091 exprimentibus,

8 1095 9 1184 ff
58 1129 120 1175 non
142 1110 291 1178 credatur
310 1117 555 1200 quoquomodo.

8 1227 9 1230 ’
331 1223 511 1289 Tricesimus
530 1226 688 1291 secundus
708 1227 873 1292 Articulus.

94 1329 220 1396 ludices
249 1330 411 1397 cuiuslibet
444 1333 600 1398 districtus
631 1336 821 1421 compellant
841 1336 990 1400 electores
1009 1334 1149 1399 indicum

57 1438 240 1505 secularium
261 1439 319 1506 snb
339 1462 445 1527 poena
467 1443 575 1528 viginti
595 1464 799 1520 marcarum,
828 1454 863 1507 nt
894 1444 1013 1530 eligant
1033 1441 1152 1505 iudices

58 1548 218 1616 dominica
238 1550 271 1615 in
293 1549 388 1626 albis,
422 1551 467 1615 vel
494 1551 602 1617 saltem
623 1553 657 1616 in
679 1554 731 1618 illa
753 1554 936 1639 septimana.
978 1554 1015 1617 Et
1037 1549 1151 1636 siquis

8 1669 9 1738 ἶ
58 1657 252 1742 singulariter
289 1660 434 1744 elegerit,
479 1681 586 1752 poena
628 1661 736 1747 viginti
780 1683 958 1726 marcarum
989 1661 1151 1746 puniatur.

8 1795 10 1860 ς
60 1767 180 1833 Electus
210 1768 346 1833 similiter
367 1769 391 1832 si
412 1768 554 1834 electioni
576 1771 784 1845 consenserit,
818 1780 850 1834 et
870 1769 920 1834 ille
941 1767 1076 1833 similiter
1096 1771 1151 1852 qui

59 1877 268 1942 iuramentum
299 1877 342 1940 illi
372 1878 569 1944 ordinaverit.
622 1879 659 1943 tn
691 1881 885 1966 quicumque
915 1881 1031 1945 electus
1062 1875 1153 1940 luerit

61 2009 79 2051 a
109 1987 222 2052 maiori
254 1996 285 2050 et
305 1986 424 2050 saniori
445 1997 535 2070 parte
555 1989 759 2072 praeferetur.
804 1989 836 2052 Si
859 2010 931 2054 vero
952 1988 1044 2051 iudex
1063 2005 1153 2049 secu·

61 2097 126 2161 laris
154 2096 341 2185 electionem
361 2094 556 2180 praedictam
578 2115 648 2158 non
668 2096 861 2180 promoverit
882 2096 966 2159 inlre
987 2105 1047 2159 tres
1068 2093 1150 2168 dies,

61 2207 101 2270 nti
120 2215 236 2272 contra
257 2203 447 2268 homicidam
468 2214 545 2267 esset
566 2203 826 2286 procedendum,
850 2204 894 2268 sic
916 2213 1030 2268 contra
1052 2203 1152 2287 ipsum

8 2299 9 2350 1
62 2315 262 2400 procedatur.
303 2314 531 2378 Greetmannus
552 2312 602 2376 ille
623 2312 785 2400 negligens
806 2312 931 2377 cuilibet
952 2323 1153 2399 greetmanno

8 2407 9 2456 i
61 2436 88 2490 ct
107 2427 172 2490 suis
192 2421 411 2490 conindicibns
432 2421 593 2512 cuiuslibet
614 2422 771 2488 districtus
792 2443 916 2489 marcas
935 2420 1153 2506 sterlingorum

8 2617 10 2622 X
60 2537 230 2619 persolvat.
773 2621 774 2624 Ἴ

364 2639 546 2704 Tricesimus
567 2639 673 2703 tertius
693 2639 859 2705 Articulus.

8 2825 10 2834 ἦ
97 2753 227 2820 ludices
245 2765 345 2818 terrae
365 2760 492 2813 nostrae
513 2747 547 2810 in
570 2747 705 2832 antiquo
727 2745 867 2810 districtu
879 2747 1057 2811 Franeclrer
1067 2747 1154 2812 iuxta

62 2863 290 2929 multitudinem
311 2860 557 2924 iuramentorum
578 2855 784 2921 exhibitorum
802 2856 1154 2921 ceusasnondiffiniant

8 2983 10 3024 ἲ
62 2976 112 3039 sed
132 2971 307 3040 secundum
329 2971 504 3034 iuramenta
527 2965 567 3031 ab
589 2964 834 3032 antecessoribus
853 2966 965 3031 nostris
985 2965 1154 3052 antiquitus

62 3086 233 3150 constituta
263 3102 316 3145 seu
347 3089 510 3144 consueta.
554 3077 592 3142 Et
631 3077 734 3139 nullus
754 3075 901 3140 sacerdos
922 3076 964 3140 ad
984 3075 1153 3141 iurandum

61 3194 262 3264 admittatur,
296 3189 354 3252 nisi
375 3189 553 3251 iuramento
574 3206 631 3249 suo
652 3185 812 3268 deponat,
845 3206 877 3250 se
897 3185 986 3250 luisse
1006 3207 1154 3270 praesen·

61 3313 120 3367 tem
152 3312 185 3366 et
218 3299 316 3364 oculis
337 3297 466 3372 vidisse,
501 3294 548 3359 vel
582 3293 707 3358 auribus
728 3315 792 3358 rem
814 3305 932 3380 gestam
952 3297 1153 3381 personaliter

59 3413 193 3478 audisse.
233 3409 313 3472 Item
344 3405 448 3468 nullus
468 3403 615 3469 sacerdos
634 3403 753 3467 alienus
773 3413 859 3468 extra
882 3407 1153 3490 congregationem

59 3533 168 3590 coetus
198 3513 372 3584 Hertwerth
393 3514 427 3576 in
448 3511 631 3575 iuramentis
651 3509 817 3586 audiatur,
850 3511 906 3575 uisi
928 3511 1045 3575 lactum
1067 3521 1152 3575 extra

58 3626 237 3696 huiusmodi
276 3624 448 3688 districtum
489 3620 579 3683 luerit
617 3629 839 3704 perpetratum.
893 3621 932 3684 ln
973 3622 1155 3686 iuramentis

58 3738 284 3812 nihilominus,
326 3753 410 3819 quae
443 3731 534 3796 aeffte
567 3730 680 3818 tyocch
712 3731 804 3818 vulgo
838 3742 1084 3817 nuncupantur,
1118 3734 1152 3796 in

57 3871 114 3914 suo
136 3845 253 3912 robore
273 3843 440 3910 duraturis.

349 3949 530 4015 Tricesimus
550 3961 679 4035 quartus
701 3951 867 4014 Articulus.

98 4070 134 4134 Si
167 4067 236 4154 quis
265 4062 370 4128 asserit
399 4082 431 4126 se
463 4058 576 4124 babere
607 4068 704 4144 caput
735 4059 869 4146 graviter
889 4060 1005 4123 laesum
1025 4068 1056 4122 et
1076 4059 1152 4143 petit

56 4178 179 4253 incidi,
213 4173 327 4261 obliget
348 4191 380 4234 se
398 4169 553 4234 iudicibus
572 4168 705 4254 pignore
726 4179 800 4234 octo
823 4169 1030 4244 talentorum,
1063 4168 1152 4254 quod

60 4288 207 4362 amittat,
241 4284 264 4348 si
298 4291 374 4348 testa
406 4278 509 4344 illaeso
542 4277 722 4363 reperiatur.
766 4278 893 4346 sivero
925 4279 1007 4344 laesa
1027 4280 1154 4347 inventa
