2928 5148
495 480 743 549 CHRONlCON.
1130 483 1174 548 93

174 693 234 752 lte
251 696 375 754 morte
392 694 568 754 thfrlrlt
585 697 763 782 eptseopt
780 696 822 753 et
839 696 1067 766 episcopatu

436 789 565 845 senen
580 787 798 847 herleston.

524 987 611 1054 CAP.
634 988 729 1054 XXX.

108 1177 194 1244 Hnec
225 1178 305 1243 dum
333 1189 525 1263 egerentur,
557 1179 693 1244 moritur
720 1178 886 1243 :Rixlridus
905 1179 1072 1273 episcopus
1092 1181 1169 1245 Tra·

64 1285 210 1353 icetensis
249 1287 384 1350 ustione
422 1287 527 1362 Friso,
573 1286 785 1354 nostrimet
816 1288 985 1354 sanctitate
1014 1288 1164 1374 insignis,

65 1413 160 1458 enno
199 1393 326 1457 Domini
359 1392 477 1477 viiiqxxi
509 1395 627 1479 quinto
659 1395 710 1458 die
736 1395 854 1460 mensis
884 1393 1042 1460 Octobris.
1095 1395 1168 1476 Quo

63 1500 247 1567 honorifice
276 1502 397 1585 sepulto
429 1502 529 1567 oleurs
560 1513 591 1569 et
621 1505 757 1588 populus
786 1503 896 1569 dicunt
927 1523 959 1568 se
980 1521 1052 1567 non
1073 1502 1169 1566 elium

64 1608 178 1694 eligere
201 1609 410 1695 episcopum,
432 1631 531 1695 quern
551 1611 761 1678 Fredericum.
804 1611 935 1676 Interim
956 1631 1010 1674 rex
1030 1610 1169 1675 Ludovi-

66 1736 124 1781 cus
155 1716 261 1783 Caroli
291 1719 399 1803 magni
427 1719 509 1785 filius
535 1719 597 1804 lde
626 1740 694 1806 quo
726 1721 830 1804 cupite
849 1719 1087 1804 praecedenti),
1110 1719 1168 1805 qui

66 1833 148 1890 tunc
191 1847 231 1890 ne
262 1827 588 1892 excommunicaretur
620 1828 663 1892 nb
691 1827 846 1912 episcopis
876 1834 1006 1912 propter
1037 1837 1168 1912 neptem

63 1953 176 2007 sunm,
209 1953 307 2015 quem
336 1934 371 1997 in
400 1955 531 1999 uxorem
561 1935 711 2012 duxerat,
744 1935 779 1999 in
811 1935 912 2000 Gellia
943 1955 1075 2001 monere
1096 1954 1168 2000 non

63 2038 224 2117 cudebat,
259 2041 294 2105 in
326 2040 494 2107 Germania
515 2043 601 2106 iuxta
621 2041 771 2106 Rhenum
793 2041 967 2118 manebat,
1001 2053 1166 2127 comperto

63 2148 201 2215 Rixfridi
233 2149 373 2232 episcopi
395 2146 485 2212 obitu
505 2166 561 2231 per
581 2148 700 2233 legatos
720 2168 792 2213 suos
811 2148 977 2231 mandevit
996 2148 1168 2213 senioribus

63 2256 216 2321 ecciesiae
257 2255 481 2330 Treiectensis‚
525 2264 560 2317 ut
591 2255 720 2321 beatum
751 2253 951 2321 Fredericum
984 2255 1167 2340 episcopum

58 2365 302 2438 acclamarent.
327 2373 365 2427 et
396 2363 531 2428 electum
560 2362 603 2427 ad
624 2365 689 2428 eius
711 2362 861 2429 ducerent
881 2363 1060 2449 palatium,
1094 2385 1168 2430 nes·

54 2474 151 2539 ciens
179 2492 307 2536 omnem
338 2471 493 2556 populum
513 2471 650 2536 eundem
682 2472 744 2536 iem
765 2472 899 2557 elegisse.
942 2472 1032 2539 Tunc
1052 2472 1167 2539 Frede-

55 2583 149 2648 ricus
170 2601 252 2646 eum
283 2578 458 2645 senioribus
487 2579 637 2644 ecelesiae
658 2580 862 2645 Treiectensis
881 2601 1011 2667 surgens
1030 2585 1165 2668 perrexit

54 2691 104 2755 ed
137 2709 252 2774 regem.
295 2688 357 2770 Qui
386 2686 473 2750 illum
503 2686 661 2751 accersitis
680 2685 834 2770 episcopis
855 2685 921 2750 eliis
939 2689 1011 2752 licet
1030 2690 1165 2756 invitum

56 2809 91 2866 et
134 2798 268 2862 mullum
308 2796 493 2860 renitentem
534 2795 569 2858 in
610 2815 667 2858 sun
691 2792 876 2879 ¹pruesentiu
907 2794 991 2857 iussit
1023 2796 1166 2862 ordinari

62 2908 260 2994 episcopum.
302 2903 375 2984 Quo
408 2911 537 2986 peracto
567 2902 740 2986 imperator
771 2901 890 2966 clerum
923 2910 955 2965 et
976 2921 1088 2968 omnes
1107 2905 1166 2991 qui

64 3016 197 3081 ederem
228 3011 350 3077 nobiles
380 3011 497 3097 pariter
516 3021 547 3075 et
568 3009 724 3096 ignobiles
744 3008 787 3074 ed
808 3030 899 3074 suum
918 3009 1062 3077 invitavit
1082 3034 1164 3080 con·

63 3124 198 3199 sirium,
230 3130 327 3206 etque
355 3128 486 3204 propter
516 3117 572 3182 viri
604 3119 659 3182 Dei
689 3137 830 3182 amorem
861 3118 945 3184 diem
975 3120 1064 3186 illum
1091 3144 1164 3188 cum

62 3250 184 3318 magna
214 3228 332 3296 laetitia
359 3226 555 3313 perducebat
585 3226 627 3291 ed
648 3246 820 3311 ¹vesperum.
863 3226 997 3294 Peracto
1018 3231 1164 3300 convivio

62 3364 116 3409 rex
138 3359 244 3406 secum
264 3340 391 3404 volvens
408 3335 444 3399 in
467 3334 595 3412 animo,
619 3354 651 3399 se
672 3333 752 3398 forte
770 3343 901 3419 propter
921 3336 1061 3402 illicitum
1083 3360 1165 3405 con·
1267 3419 1272 3426 Ι

61 3449 194 3515 nubium
224 3447 259 3510 in
290 3444 396 3509 futuro
426 3462 519 3528 pone
540 3463 559 3506 e
579 3441 676 3507 bento
696 3441 861 3507 Frederico
881 3443 1044 3519 maledici,
1080 3447 1164 3512 iussit

62 3556 150 3625 illum
182 3554 325 3623 accersiri
357 3562 388 3618 et
420 3571 548 3629 coram,
588 3548 646 3637 qui
687 3548 837 3626 aderent,
868 3549 1022 3635 episcopis
1053 3552 1166 3620 talibus

64 3666 236 3751 alloquitur
257 3661 367 3728 dietisz
411 3659 509 3746 Elegit
527 3669 582 3736 te,
603 3655 782 3731 carissime,
806 3656 961 3721 Dominus
980 3656 1037 3724 sibi
1057 3660 1094 3725 in
1112 3681 1166 3728 so.

63 3773 225 3840 eerdotem
254 3791 425 3859 magnum,
458 3768 535 3854 quie
569 3777 600 3834 te
632 3766 674 3831 nd
704 3764 768 3832 hoc
801 3784 881 3850 opus
911 3769 1061 3853 cognorit
1091 3771 1164 3838 ido·

64 3903 178 3957 neum.
210 3890 246 3945 ut
278 3890 334 3945 tun
363 3888 475 3943 saneta
506 3876 746 3960 praedieatione
775 3874 930 3960 populum
961 3886 1165 3961 peecatorem

61 3999 231 4059 convertes
261 3986 303 4052 nd
332 3984 515 4052 Dominum.
557 3984 608 4049 Est
639 3983 732 4069 igitur
760 3983 897 4068 populus
928 3993 1001 4049 tune
1033 3984 1166 4052 diocesis

63 4100 222 4165 ininsula
244 4096 329 4161 dictu
351 4090 552 4167 Wnlnchrio‚
577 4092 610 4154 in
632 4109 697 4175 que
721 4088 944 4173 (prohdolor)
966 4100 1001 4154 ut
1022 4091 1063 4156 nd
1080 4114 1166 4160 meos

63 4230 167 4295 nuper
187 4205 326 4292 pervenit
350 4223 460 4278 aures,
485 4221 565 4266 unus
586 4197 720 4285 quisque
741 4205 870 4281 neptem
892 4206 946 4262 rut
967 4200 1055 4284 quod
1077 4204 1165 4289 peius
