2916 5150
288 495 345 560 142
704 489 925 556 Woltr’nttl

282 665 361 726 lonii
389 683 421 727 se
450 668 599 744 putantes
630 660 763 724 victores
793 658 1011 722 insultantium
1039 675 1131 722 voces
1151 656 1389 739 germinabant.

283 770 460 835 Excercitus
493 777 597 831 autem
630 766 878 833 Christianorum
900 766 1068 849 complosis
1088 764 1235 828 manibus
1256 765 1299 829 ad
1324 777 1390 830 ter·

282 900 351 943 ram
372 876 682 963 prostratus,rigatis
702 874 798 939 ubere
818 874 895 938 fletu
917 873 1058 950 vultibus,
1081 882 1213 957 pectora
1235 872 1386 949 tundens,

284 988 386 1050 lesum
416 984 571 1051 Christum
593 985 760 1048 Dominum
781 983 917 1067 gloriae,
943 985 1081 1048 clamore
1101 982 1207 1046 valido
1229 991 1259 1045 et
1280 983 1389 1046 inces-

282 1103 389 1182 santer
416 1092 599 1166 invocavit,
631 1091 799 1174 gloriosam
832 1092 979 1176 virginem
1013 1101 1043 1154 et
1073 1111 1185 1155 omnes
1204 1098 1334 1154 sanctos
1356 1099 1388 1154 et

282 1202 455 1288 specialiter
486 1210 633 1264 sanctum
665 1198 920 1263 Bartholomeum
950 1198 1195 1287 interpellando.
1240 1198 1386 1279 Quorum

283 1313 435 1378 clamores
475 1309 546 1392 pios
584 1306 740 1371 exaudivit
780 1306 939 1374 Dominus.
1002 1305 1082 1370 Nam
1123 1305 1291 1371 Christiani
1336 1326 1387 1368 re-

281 1419 411 1504 sumptis
440 1415 555 1482 viribus
586 1422 705 1480 stantes
733 1414 768 1476 in
799 1416 903 1490 scala,
941 1414 1121 1478 defensores
1153 1414 1244 1477 turris
1276 1414 1388 1498 gladiis

283 1526 401 1590 lanceis
432 1535 463 1590 et
482 1504 558 1588 ‘attis
590 1525 805 1588 instrumentis
825 1523 942 1588 bellicis
961 1523 1088 1588 viriliter
1108 1523 1386 1607 impugnaverunt.

284 1631 368 1695 Miles
397 1633 529 1717 quidam
559 1632 679 1697 iuvenis
711 1632 891 1698 Leodiensis
911 1631 1042 1696 diocesis
1062 1631 1181 1715 primus
1202 1633 1314 1694 turrim
1338 1651 1388 1694 as·

283 1739 398 1802 cendit.
431 1740 553 1804 Deinde
572 1740 657 1803 Friso
678 1741 810 1824 quidam
831 1741 1031 1813 iuvenculus,
1055 1741 1144 1824 Hayo
1165 1725 1307 1814 nomine,
1326 1739 1389 1802 fla·

286 1846 367 1930 gello
397 1865 540 1910 connexo
571 1855 682 1910 catena
703 1847 803 1911 ferrea
826 1847 868 1910 ad
891 1848 1033 1911 dextram
1055 1857 1087 1911 et
1109 1848 1263 1912 sinistram
1280 1847 1389 1911 sortis·

283 1955 358 2018 nme
374 1955 535 2038 percussit,
555 1964 586 2018 et
606 1955 773 2039 quendam
795 1957 1086 2041 tenentemsignum
1099 1977 1247 2022 croceum
1259 1957 1388 2020 soldani

284 2061 390 2127 stravit
419 2071 449 2125 et
481 2063 601 2148 signum
634 2063 714 2128 tulit.
757 2063 848 2128 'lunc
881 2063 932 2133 atii
962 2074 1033 2148 post
1061 2066 1138 2130 alios
1158 2066 1386 2142 succedentes,

284 2169 434 2254 superatis
454 2169 609 2249 hostibus,
634 2172 744 2235 turrim
764 2172 903 2256 superius
924 2171 1143 2239 obtinuerunt.
1176 2174 1269 2238 Tunc
1290 2173 1390 2238 Sara·

285 2280 359 2342 oeni
388 2279 445 2363 qui
475 2279 510 2342 in
542 2279 681 2342 inferiori
710 2291 801 2364 parte
832 2281 922 2344 turris
953 2280 1091 2346 latebant
1121 2283 1194 2367 igue
1223 2284 1389 2368 supposito

285 2385 482 2471 superficiem
498 2385 565 2469 ejus
585 2386 722 2470 ligneam
743 2385 993 2456 combusserunt.
1016 2389 1158 2457 Victores
1169 2399 1270 2455 nostri
1281 2393 1388 2476 ignem

283 2493 411 2556 sufferre
431 2510 501 2555 non
522 2493 675 2568 valentes,
710 2496 836 2579 regressi
857 2507 931 2561 sunt
961 2519 1054 2583 super
1082 2501 1210 2567 scalam.
1253 2501 1387 2566 Interim

284 2619 379 2684 pons,
419 2600 475 2685 qui
504 2601 539 2663 in
561 2601 697 2666 inferiori
717 2614 807 2687 parte
828 2606 931 2690 operis
949 2609 1295 2693 praeparatus-fuerat,
1332 2611 1389 2674 de-

284 2710 391 2773 missus
422 2717 468 2772 est
489 2708 531 2772 ad
551 2709 664 2794 pedem
685 2711 776 2775 turris
796 2724 982 2799 angustum,
1014 2737 1072 2800 per
1092 2739 1187 2802 quern
1210 2719 1326 2782 armati
1348 2718 1390 2789 de

283 2818 355 2882 navi
376 2817 599 2882 descendentes
619 2819 738 2883 malleis
757 2821 861 2886 ferreis
882 2825 1014 2909 aggressi
1026 2828 1253 2904 suntianuam,
1276 2827 1387 2892 defeu-

284 2924 427 2990 dentibus
447 2946 519 2990 eam
538 2926 723 2992 intrinsecus
744 2929 919 3029 Saracenis.
952 2933 1066 2998 Stabat
1088 2945 1191 3001 autem
1215 2947 1388 3022 utrumque

284 3033 527 3096 instrumentum
548 3053 640 3118 super
654 3056 815 3121 coggones
835 3039 1038 3106 aedificatum
1059 3043 1218 3109 immobile
1239 3045 1388 3111 anchoris

285 3149 316 3204 et
336 3139 464 3204 funibus
484 3143 594 3208 lixum.
627 3143 772 3210 Tandem
793 3147 935 3212 conclusi
956 3149 990 3212 iu
1014 3153 1091 3215 turri
1112 3153 1309 3239 colloquium
1332 3177 1387 3242 pe·

277 3256 402 3326 tentes,
432 3252 519 3314 sein
540 3253 716 3317 servitutem
737 3255 797 3318 sub
815 3257 968 3340 pactione
988 3260 1070 3325 vitae
1092 3261 1268 3341 dederunt,
1292 3266 1388 3329 etsie

285 3355 385 3419 nostri
416 3358 508 3441 potiti
539 3370 612 3423 sunt
645 3362 732 3428 turri.
775 3363 848 3427 Erat
882 3375 986 3430 autern
1008 3365 1088 3435 haec
1110 3372 1201 3436 turris
1222 3373 1386 3437 fortissima

282 3463 314 3526 in
335 3465 500 3549 profundo
521 3467 581 3533 Nili
601 3468 740 3534 fluminis
760 3471 830 3538 sita.
