2950 5144
274 499 297 562 l
705 502 752 565 W
751 501 931 567 ORPERI

276 669 448 731 necessaria
472 679 553 732 terro
575 669 670 733 trista
692 671 752 732 suis
773 668 946 734 cultoribus
956 667 1196 735 cumulatissime
1206 665 1379 749 producit,

275 775 351 839 vino
373 785 506 860 excepto
526 786 558 840 et
579 777 660 840 oleo.

459 1227 517 1282 lte
535 1222 719 1280 laudibus
738 1224 766 1278 ά
785 1221 957 1280 moribus
974 1221 1193 1281 fflsouum.
1239 1177 1243 1182 ⁵

768 1423 855 1488 CAP.
876 1425 919 1489 ll.

319 1644 463 1707 Dicturus
496 1644 601 1730 aliqua
635 1645 675 1707 de
705 1640 798 1711 laude
830 1652 861 1705 et
881 1639 1020 1705 moribus
1041 1641 1153 1704 frisiae
1174 1638 1292 1724 gentis,
1317 1637 1382 1701 boo

277 1751 380 1834 primo
421 1751 597 1814 notandum
635 1761 699 1824 est,
745 1748 836 1834 quod
873 1747 1017 1814 videlicet
1059 1747 1144 1810 Frisii
1186 1748 1269 1809 inter
1301 1747 1381 1811 Ger-

277 1877 391 1922 manos
422 1869 588 1921 morentur
615 1868 645 1922 et
668 1867 896 1930 numerantur,
928 1857 1097 1940 plurimum
1118 1865 1226 1919 temen
1247 1853 1377 1929 babitu,

277 1966 383 2048 lingue
404 1975 435 2027 et
457 1964 595 2029 moribus
617 1987 635 2026 a
657 1965 816 2030 Germanis
834 1964 991 2028 differunt.
1022 1964 1229 2028 Nemeorum
1259 1964 1379 2029 idioma

277 2073 507 2136 Germanorum
547 2074 698 2156 perpauci
730 2073 933 2159 intelligunt,
965 2073 1214 2157 paucioresque,
1245 2073 1309 2136 imo
1339 2093 1379 2136 ex

276 2180 358 2242 mille
391 2181 440 2244 vix
467 2201 547 2242 unus
577 2180 716 2264 perfecte
736 2179 880 2244 addiscit.
924 2179 1025 2241 Porro
1046 2178 1154 2242 babitu
1176 2189 1281 2263 patres
1301 2197 1379 2242 nos·

276 2289 315 2350 tri
357 2308 426 2350 non
457 2287 583 2350 modice
614 2287 656 2349 ab
687 2285 834 2350 omnibus
863 2284 1088 2369 discrepabunt
1117 2286 1294 2361 Germanis,
1333 2288 1378 2350 ita

194 2379 197 2382 ¹
276 2406 310 2460 ut
331 2406 418 2458 extra
438 2394 574 2477 patrium
605 2413 693 2456 susm
726 2392 927 2465 constitutus,
963 2393 1030 2457 solo
1061 2391 1170 2457 habitu
1200 2395 1292 2458 facile
1321 2417 1379 2480 eg·

274 2501 465 2566 noscebatur
495 2501 592 2564 Friso.
643 2501 681 2563 Et
714 2500 745 2563 id
779 2501 908 2584 quidem
941 2501 1075 2567 evenisse
1105 2502 1265 2578 existimo,
1301 2505 1379 2590 quie

275 2631 348 2674 rura
369 2610 476 2694 priscis
497 2610 594 2673 Frisiis
615 2629 688 2672 cum
710 2609 872 2672 Germanis
893 2607 950 2671 fuit
971 2611 1177 2675 conversatio.
1211 2613 1272 2676 Sed
1284 2631 1378 2678 nunc

276 2739 314 2782 ex
344 2728 453 2780 mutue
485 2718 623 2802 ipsorum
651 2715 811 2802 frequenti
833 2717 1093 2792 conversatione,
1128 2719 1290 2783 Germanis
1311 2721 1378 2786 fere

277 2825 457 2890 conformes
477 2823 585 2888 habitu
606 2824 798 2888 efficiuntur.
831 2823 949 2889 Verum
971 2825 1115 2890 mulieres
1134 2827 1167 2889 in
1177 2836 1378 2910 praesentem

276 2953 376 3018 usque
397 2933 480 2994 diem
492 2931 722 2994 abricinarum
742 2929 920 2994 mulieribus
940 2933 1105 2996 notionum
1125 2933 1235 2998 babitu
1256 2945 1286 3000 et
1307 2957 1378 3001 ma·

275 3043 357 3105 xime
378 3040 517 3123 capitum
539 3040 611 3104 velis
632 3039 765 3103 multum
786 3039 979 3125 discrepant.
1010 3042 1048 3104 Et
1068 3044 1211 3126 wamiis
1224 3043 1377 3128 (utsupe·

276 3151 350 3215 riori
371 3158 499 3213 testatus
520 3169 587 3214 sum
609 3170 680 3233 cup.
702 3149 775 3234 imo)
797 3169 887 3212 rurae
907 3150 942 3212 in
953 3149 1047 3214 Frisia
1058 3161 1133 3214 sunt
1144 3152 1300 3229 civitates,
1320 3155 1376 3218 sed

275 3260 335 3325 rici
368 3279 407 3322 ac
439 3259 528 3323 villae
559 3258 759 3342 frequentes,
794 3267 825 3321 et
845 3257 967 3320 idcirco
988 3257 1149 3324 urbicolae
1169 3261 1286 3342 pauci,
1320 3264 1375 3326 sed

277 3387 388 3432 omnes
416 3367 481 3430 fere
511 3365 684 3442 ruricolae3
719 3374 793 3429 sunt
815 3373 920 3429 tumen
940 3385 1017 3448 pree
1039 3367 1167 3431 caeteris
1188 3369 1376 3436 Germaniae

276 3477 396 3540 rusticis
427 3473 567 3537 moribus
597 3483 628 3536 et
661 3471 761 3536 verbis
791 3471 906 3536 urbani
939 3494 978 3537 ec
1009 3476 1195 3558 compositi,
1229 3477 1375 3544 domibus

275 3585 459 3672 magnifici,
495 3581 674 3666 supellectili
707 3580 820 3645 mundi
852 3591 883 3645 et
915 3582 1026 3657 nitidi,
1062 3583 1197 3649 vestibus
1216 3588 1321 3652 ornati
1342 3599 1373 3652 et
1464 3607 1465 3611 ’

275 3693 465 3778 sumptuosi,
502 3711 580 3754 suro
602 3690 741 3774 denique
762 3699 793 3753 et
814 3700 944 3775 argento
963 3689 1175 3761 abundantes.
1219 3696 1256 3759 lit
1278 3707 1312 3758 ut
1332 3697 1375 3761 de

275 3803 345 3868 viris
376 3800 470 3864 etiam
503 3797 713 3862 mediocribus
733 3807 764 3861 et
785 3797 999 3875 tenuioribus,
1032 3801 1097 3863 imo
1118 3811 1148 3864 et
1171 3803 1374 3869 conductitiis

275 3911 367 3973 servis
399 3908 467 3992 (qui
499 3905 585 3968 domi
606 3925 705 3989 penes
725 3925 757 3968 se
778 3904 843 3969 duo
866 3905 962 3970 triave
982 3908 1235 3974 vestimentorum
1256 3933 1373 3998 genera

275 4017 412 4092 hebent,
447 4037 531 4101 quse
551 4035 612 4098 pro
644 4023 822 4097 temporum
844 4017 1052 4099 congruentia
1075 4017 1222 4102 induunt)
1245 4023 1371 4097 sileam,
1464 4063 1465 4068 κ

275 4124 418 4188 mulieres
447 4125 529 4188 festis
560 4121 669 4187 diebus
699 4122 742 4186 ite
774 4142 854 4187 euro
885 4131 1083 4209 argentoque
1113 4125 1267 4212 fulgentes
1286 4129 1374 4194 ince-

275 4232 376 4308 dunt,
412 4242 446 4296 ut
478 4233 588 4298 similes
616 4233 648 4296 in
670 4229 845 4296 Christiano
866 4228 943 4296 orbe
964 4231 1102 4298 eiusdem
1123 4243 1220 4300 status
1240 4247 1270 4301 et
1291 4257 1374 4303 con·
