2916 5150
296 479 354 548 tou
600 475 819 544 Wonessl
839 476 1089 546 CHRONICON.

291 649 352 711 sios
384 649 581 713 obsidionem
603 647 782 729 relinquere
804 653 988 732 coegerunt.
1033 646 1153 708 Verum
1177 663 1253 706 eum
1274 643 1394 706 ulterius

290 757 436 841 progredi
467 776 535 819 nun
567 754 737 829 auderent,
772 755 914 818 contenti
948 773 1004 825 eo,
1040 752 1133 836 quod
1168 749 1415 816 Stauriensibus.

290 873 521 938 commeatum,
556 861 710 946 praesidis
744 862 887 936 rnniors,
921 861 1067 946 elinque,
1103 880 1192 945 quse
1225 879 1312 938 usus·
1327 857 1393 921 beili

289 973 446 1055 pustulat,
480 971 677 1044 intulissent,
710 971 862 1054 reliquum
883 969 1013 1032 Frisium
1033 957 1195 1033 intaetani
1217 977 1250 1032 et
1271 967 1392 1030 liberem

291 1081 453 1164 reliquere,
498 1079 726 1165 Egrnondsnus
758 1087 873 1140 statum
907 1077 1038 1141 domurn
1070 1077 1164 1138 rediit
1199 1078 1234 1138 in
1269 1074 1392 1137 Heilun-
1439 1093 1440 1102 ¹

290 1186 394 1263 dism3
431 1187 638 1251 Brederodius
670 1206 745 1250 vero
776 1185 881 1251 adhuc
908 1185 1025 1248 ibidem
1047 1183 1089 1248 sd
1112 1194 1240 1268 ternpus
1262 1191 1392 1244 moratus

290 1311 362 1356 curn
396 1294 495 1375 copiis
526 1292 722 1357 iioiiendicis
752 1290 795 1355 ad
827 1301 929 1356 eastra
962 1290 1280 1363 Moiclrwer'umsnn,
1311 1287 1392 1351 unde

290 1421 383 1484 ssepe
412 1400 516 1465 iniesti
547 1399 629 1464 Frisii
661 1399 703 1464 ad
736 1401 862 1463 moenie
897 1399 1129 1462 Stauriensiurn
1163 1397 1387 1469 excurrebant,

291 1508 475 1582 contendit,
510 1519 544 1571 ut
578 1518 672 1592 cepta
706 1508 758 1570 ilis
791 1507 859 1570 noio
881 1515 1031 1590 sequeret
1052 1505 1108 1570 sed
1133 1507 1217 1570 maie
1238 1505 1322 1568 cessit
1341 1503 1388 1566 hic
1439 1563 1440 1568 ,

291 1626 436 1679 conatus
482 1617 561 1678 Nsnr
584 1615 668 1678 Frisii
691 1635 760 1678 non
782 1616 884 1678 solum
906 1635 977 1678 eum
997 1615 1193 1688 sustinuere,
1228 1613 1281 1676 sed
1302 1611 1389 1674 tentis

290 1742 420 1805 quoque
453 1722 565 1785 animis
595 1731 627 1786 et
649 1721 764 1787 viribus
785 1723 818 1784 in
842 1722 950 1806 copies
970 1723 1036 1784 eius
1055 1722 1214 1806 impeturn
1235 1721 1382 1794 iecerunt,

291 1838 325 1891 ut
355 1830 470 1890 multos
489 1831 677 1902 caederent,
711 1830 884 1892 nonnullos
905 1838 1078 1911 caperent,
1102 1831 1139 1893 in
1162 1828 1277 1914 quibus
1295 1830 1386 1912 ipsum
1427 1819 1440 1890 J

291 1955 422 2019 quoque
453 1934 695 2011 Brederodium,
732 1953 828 2018 quem
860 1935 894 1996 iu
928 1943 1030 1998 eastre
1062 1955 1122 1999 sua
1145 1936 1302 2020 captivum
1322 1955 1385 2019 per·

290 2041 415 2104 duxere.
470 2041 534 2106 Sed
566 2042 617 2106 hie
649 2063 723 2106 eum
752 2041 947 2128 negligenter
980 2043 1195 2109 custodiretur
1226 2043 1341 2128 eispsus
1369 2061 1387 2104 e
1438 2049 1440 2128 f

291 2147 456 2222 custodis,
480 2148 636 2213 Staurism
658 2159 754 2233 utque
775 2147 847 2212 inde
868 2149 899 2211 in
922 2149 1123 2212 Hoiiandinm
1146 2150 1272 2214 tandem
1292 2149 1383 2213 rediit.

292 2258 343 2321 sie
376 2257 464 2320 omni
486 2256 580 2320 Frisia
601 2276 723 2320 rursum
745 2256 875 2329 amisse,
908 2275 993 2340 quse
1012 2256 1093 2320 inter
1115 2257 1243 2322 Fierum
1262 2267 1292 2320 et
1310 2257 1383 2320 Lau·

292 2365 391 2428 riesm
428 2374 492 2439 est,
538 2363 638 2426 sotum
669 2363 826 2426 Staurism
858 2362 898 2426 ed
932 2364 1053 2448 siiquot
1084 2386 1194 2430 annos
1221 2362 1386 2428 Hoiisndus

293 2471 430 2535 retinuit.
455 2523 459 2537 ,
486 2469 569 2530 Frisii
611 2478 797 2552 recuperata
839 2468 932 2532 ermis
962 2468 1126 2548 iibertnte,
1171 2492 1268 2556 quem
1299 2468 1384 2532 nrmis
1439 2465 1440 2500 ⁴

294 2577 481 2649 emiserant,
514 2575 546 2638 in
577 2575 689 2639 eedem
719 2576 897 2660 perstitere,
930 2576 1038 2642 donec
1067 2579 1137 2644 fessi
1158 2579 1248 2642 maiis
1268 2578 1384 2640 donres-

295 2682 381 2756 tieis,
416 2684 578 2749 Aibertum
610 2684 768 2748 Saxonem
801 2682 843 2748 ad
866 2705 989 2749 ennurn
1010 2688 1216 2756 mcccexcriii
1236 2687 1313 2750 uitro
1333 2703 1385 2748 sc·

295 2791 496 2856 cersiverunt.

685 3027 763 3070 HM!
784 3027 869 3072 utsttt
890 3029 1008 3074 ΊἛΜῊ.
