2916 5150
473 489 722 557 CHROMCON.
1094 495 1147 562 tet

72 680 132 723 enm
149 657 194 720 rui
218 655 369 720 exercitus
390 656 526 732 ducem,
550 669 585 722 ut
607 679 681 723 cum
701 659 744 723 eis
763 669 921 746 pugnaret
942 669 1056 725 contra
1077 661 1154 725 Dol-

71 766 179 832 iandos.
222 764 313 829 Tunc
346 764 521 829 Florentius
551 765 608 830 iste
637 787 711 832 cum
733 768 911 832 Frisonibus
932 779 1060 854 captam
1079 769 1155 832 Ate·

71 875 184 938 mariam
216 882 315 935 totam
347 871 558 936 incenderunt
579 882 609 938 et
630 872 696 936 scio
719 886 988 960 coaequaverunt.
1034 876 1155 939 Deinde

71 979 276 1047 Kenemariam
316 979 440 1063 ingressi
484 980 593 1044 omnia
626 980 700 1064 igne
731 991 763 1045 et
793 983 876 1046 ferro
909 982 1048 1048 demoliti
1079 993 1153 1046 sunt

23 1107 24 1112 ¹
71 1109 154 1173 usqne
173 1088 326 1152 Haerlem.
371 1089 469 1152 Anno
499 1097 604 1152 autem
635 1108 702 1152 uno
733 1089 860 1173 elapso,
885 1099 956 1175 post
976 1090 1156 1155 inimicitias

70 1201 138 1262 inter
157 1198 303 1262 comitem
324 1206 356 1260 ct
377 1196 569 1260 Florentium
590 1196 720 1260 fratrem
740 1198 805 1260 eius
824 1209 968 1274 exortas,
990 1199 1069 1262 misit
1092 1199 1154 1262 Lo·

69 1305 168 1368 thurius
186 1303 343 1368 secundos
362 1304 533 1387 imperator
553 1314 584 1368 et
606 1304 816 1369 reconciliavit
837 1305 911 1369 istos
933 1306 1013 1368 duos
1029 1307 1152 1372 fratrea.

69 1415 129 1478 Erat
156 1414 238 1478 enim
272 1411 435 1475 Lotharius
467 1412 628 1497 utriusque
658 1412 843 1478 avunculus.
900 1413 961 1477 Iste
991 1411 1155 1475 Lethariue

70 1520 140 1584 dedit
176 1521 352 1586 dominium
380 1517 547 1582 orientalis
577 1518 708 1592 Frisiac,
755 1518 898 1584 videlicet
927 1517 1095 1601 Destergoe
1124 1527 1155 1582 et

70 1629 232 1713 Westergoe
267 1626 375 1692 comiti
405 1626 591 1690 Hoiinndiae
620 1626 729 1710 nepoti
761 1647 837 1702 suo.
884 1627 973 1712 quod
1002 1625 1156 1690 ilenricus

72 1749 183 1822 quartus
214 1737 315 1822 paulo
347 1746 423 1798 ante
454 1733 607 1799 Conrado
639 1734 789 1818 episcopo
809 1745 841 1799 et
860 1734 1011 1801 ecciesiae
1031 1733 1155 1798 Traiec-

72 1845 137 1909 tenai
159 1855 314 1930 perpetuo
343 1842 568 1927 possidendum
601 1841 800 1917 contulerat,
835 1855 870 1906 ut
895 1841 1155 1927 supradiximus.

22 1979 23 1986 ι
74 1954 150 2016 Anno
169 1951 295 2016 Domini
316 1949 468 2024 mcxxvii,
492 1949 635 2012 Andreas
656 1949 758 2013 factus
778 1962 824 2014 est
845 1951 1006 2016 vicesimus
1026 1949 1155 2034 quintus

22 2053 24 2130 i
72 2060 215 2145 episcopus
248 2056 462 2124 Traiectensis.
516 2059 616 2118 Anno
657 2055 751 2138 igitur
791 2058 917 2120 Domini
949 2077 1063 2120 mcxxx
1098 2057 1155 2120 iste

22 2117 24 2252 i
72 2168 215 2253 episcopus
250 2167 368 2231 amovit
399 2160 571 2229 duodecim
601 2163 779 2228 canonicos
809 2160 1005 2247 presbyteros
1024 2183 1063 2226 ex
1083 2183 1155 2226 mo-

22 2261 24 2358 i
71 2278 189 2341 nestorio
208 2275 316 2342 sancti
337 2271 505 2356 aniphi
495 2292 529 2335 ιιι
552 2270 696 2344 Stauris,
720 2279 851 2354 propter
871 2289 982 2333 eorum
1005 2268 1155 2334 demerita

22 2361 24 2468 i
71 2394 95 2447 et
121 2385 286 2470 reprobam
315 2382 431 2453 ritem.
459 2379 655 2464 restituitque
684 2377 800 2442 ibidem
830 2375 1006 2442 monachos
1038 2377 1156 2442 ordinis

22 2469 24 2490 '
70 2494 157 2558 sancti
197 2491 364 2558 Benedicti
396 2509 434 2552 cx
466 2486 660 2552 Oestbroeok
690 2506 791 2570 prope
825 2485 1012 2552 Traiectum.
1064 2486 1154 2551 Idem

71 2601 213 2687 episcopus
249 2596 453 2663 Traiectensis
481 2594 659 2677 impetravit
692 2614 710 2656 a
732 2591 884 2658 Conrado
906 2597 999 2657 tertio
1019 2595 1156 2680 impera·

21 2775 22 2784 χ
71 2718 127 2774 tore
152 2708 393 2774 renovationem
425 2713 456 2766 et
489 2699 769 2766 confirmationem
801 2699 985 2764 donationis
1016 2700 1057 2766 de
1077 2700 1156 2766 Oes-

21 2789 23 2906 i
70 2827 160 2901 tergas
189 2830 220 2883 et
256 2817 457 2898 Westergoe.
489 2807 642 2875 Conrado
673 2806 820 2871 vicesimo
840 2806 984 2873 moundo
1004 2810 1155 2894 episcopo

21 2917 22 2982 i
70 2923 243 2992 Traiectensi
273 2919 461 2986 antecessori
491 2938 549 2981 suo
580 2916 697 2982 fectae.
737 2913 883 2980 Similiter
902 2913 1069 2980 Herbertus
1089 2917 1155 2980 eius

70 3051 210 3100 mccessor
256 3029 392 3095 candem
434 3024 619 3090 donationis
662 3021 937 3088 confirmationem
968 3022 1010 3087 ab
1040 3025 1155 3090 eodem

71 3135 199 3208 Conrado
219 3141 316 3206 tertio
338 3134 487 3200 obtinuit.

85 3567 136 3626 Do
151 3567 343 3626 nernerto
362 3567 545 3636 episcopo
570 3559 810 3618 mareotem
828 3559 869 3614 et
886 3557 1138 3627 praefectura

152 3663 322 3722 civitatis
348 3656 645 3725 Grontnssenats,
673 3653 792 3721 atque
818 3651 981 3720 proettts
1009 3649 1059 3708 de

308 3752 478 3809 coeleste
495 3748 653 3805 sanctae
672 3741 908 3810 wenburnia.

525 3922 611 3988 CAP.
634 3921 687 3986 tx.

105 4113 199 4174 Anno
228 4109 353 4174 Domini
383 4101 546 4170 mcxxxviii
578 4100 693 4164 electus
713 4107 757 4160 est
778 4097 821 4159 ad
841 4095 1057 4179 episcopatum
1078 4093 1155 4162 Tra·

67 4210 226 4286 iectensem
259 4214 423 4282 Derbertus
453 4211 559 4284 Prisc,
592 4216 684 4272 natus
703 4207 745 4271 de
766 4205 908 4280 Bierum,
940 4201 986 4270 rir
1007 4212 1157 4270 constans
