2916 5150
521 484 769 552 canonicos.
1134 493 1195 560 tot

93 657 235 722 Frisonee
255 656 363 732 occisi,
385 657 480 726 ceteri
500 656 664 742 fugerunt,
686 663 718 718 et
740 663 878 720 castrum
899 663 1105 724 restauratum
1125 681 1195 726 om·

92 765 184 830 nibus
204 766 385 832 necessariis
405 776 450 832 eet
470 767 640 850 provisum.

144 1236 204 1292 lte
223 1237 368 1294 Ioanne
386 1237 528 1293 comite
546 1235 781 1293 llollondloc
800 1237 842 1292 et
858 1237 978 1294 flnolt
995 1239 1150 1298 sublec-

311 1330 418 1387 tione
437 1330 740 1388 oootdentnltnn
757 1331 975 1390 monum.

528 1531 618 1600 CAP.
640 1533 763 1597 XXXV.

134 1749 234 1811 Anno
267 1747 389 1811 Domini
423 1749 576 1814 mccxcvii
609 1749 750 1812 loannes
780 1747 862 1812 lilius
894 1743 1044 1812 Florentii
1065 1750 1196 1814 veniens

89 1877 130 1920 ex
160 1855 276 1940 Anglio
309 1856 344 1920 in
377 1857 544 1921 llollandia
577 1867 608 1921 et
640 1853 793 1920 Zelandia
815 1856 918 1920 lactus
938 1866 983 1920 est
1005 1858 1055 1921 xvi
1077 1878 1193 1923 comes.

89 1963 156 2044 Qui
190 1963 331 2027 Frisones
361 1963 420 2026 sibi
450 1962 578 2027 rebelles
607 1963 717 2026 volens
737 1962 902 2048 subiugare
922 1962 1024 2041 veuit,
1048 1987 1121 2031 cum
1142 1967 1195 2031 in·

87 2072 179 2157 genti
211 2072 349 2137 exercitu
379 2072 582 2136 Alcmariam.
635 2071 691 2135 Cui
730 2070 873 2135 Frisones
905 2073 1102 2155 imperterriti
1133 2094 1194 2157 pro

88 2179 277 2244 defensione
309 2178 458 2243 libertatis
490 2187 704 2249 occurrentes,
741 2178 775 2240 in
810 2179 890 2263 egris
922 2177 1010 2262 apud
1034 2179 1194 2244 Veronam

89 2297 331 2362 convenerunt.
374 2286 429 2349 ubi
470 2286 585 2348 durum
626 2286 699 2348 satis
728 2293 759 2347 et
792 2295 960 2348 cruentum
993 2287 1192 2353 commissum

86 2406 134 2460 est
156 2397 322 2480 proelium,
346 2394 378 2457 in
402 2415 470 2478 quo
492 2412 611 2476 anceps
631 2391 685 2454 diu
706 2411 836 2477 pugna,
861 2392 995 2456 tandem
1014 2392 1099 2456 Frisii
1120 2415 1193 2459 suc·

88 2502 294 2579 cumbentes‚
338 2511 476 2585 quatuor
515 2500 599 2562 milia
643 2499 801 2563 interlecti
834 2510 928 2574 sunt,
971 2503 1088 2566 caeteri
1117 2504 1192 2589 luga

86 2612 209 2678 salvati.
253 2611 297 2672 lle
317 2609 456 2672 exercitu
476 2617 582 2670 autem
604 2606 727 2669 comitis
747 2606 864 2670 interiit
885 2607 1034 2671 dominus
1054 2610 1193 2676 loannes

88 2719 131 2784 de
152 2719 248 2784 Arkel
269 2739 342 2782 cum
362 2715 552 2800 quibusdam
575 2713 649 2778 aliis.
693 2712 834 2797 Contigit
856 2713 935 2778 baec
956 2709 1090 2780 cruente
1111 2729 1192 2782 etro-

86 2848 142 2914 ges
162 2828 197 2890 in
221 2826 302 2911 agris
322 2825 394 2909 pegi
415 2823 614 2894 Veronensis,
638 2831 725 2885 sexto
747 2821 896 2886 calendas
917 2823 1039 2906 Aprilis.
1074 2826 1192 2890 Deinde

86 2936 163 3000 feeit
184 2954 290 3000 comes
311 2942 411 2996 totam
432 2931 515 2993 illam
537 2930 651 2993 Frisioe
671 2940 793 3014 partem
823 2931 898 3014 igne
918 2931 1081 2998 succendi.
1126 2937 1191 2996 Au·

88 3045 181 3109 diens
201 3041 386 3106 Wilbelmus
406 3038 571 3122 episcopus
592 3037 799 3102 Traiectensis
820 3039 1032 3104 occidentales
1053 3040 1193 3105 Frisones

88 3175 108 3217 a
141 3151 258 3217 comite
289 3147 477 3212 Hollandiee
509 3148 608 3209 victos
638 3144 760 3218 doluit,
794 3164 992 3230 pergensque
1022 3147 1066 3210 ad
1087 3149 1191 3212 orien-

87 3261 165 3326 tales
184 3259 343 3332 Frisones‚
365 3255 560 3340 praedicavit
582 3251 730 3315 omnibus
752 3261 867 3317 contra
890 3255 1037 3319 comitem
1059 3256 1193 3320 llollnn·

86 3368 162 3433 diae
182 3363 396 3451 pugnantibus
415 3362 546 3446 papales
566 3360 799 3444 indulgentius,
834 3381 874 3425 eo
895 3363 984 3446 quod
1006 3363 1203 3428 llollandiee·

87 3481 219 3556 comites
239 3474 412 3538 libertatem
435 3471 476 3532 ab
498 3469 686 3552 imperatore
706 3468 807 3530 Frisiis
828 3468 938 3530 datam
959 3477 990 3531 et
1007 3469 1191 3537 aRomano

1 3579 2 3662 Ϊ
84 3585 241 3671 pontifice
271 3580 493 3646 confirmatam
514 3585 627 3639 contra
648 3574 696 3637 las
718 3575 984 3658 impugnaverant.
1029 3575 1192 3642 Venerunt

1 3677 2 3726 l
84 3695 179 3782 igitur
210 3690 300 3755 multi
329 3710 367 3753 ex
399 3685 568 3769 Oestergoe
589 3693 620 3747 et
641 3684 829 3766 Westergoe
849 3683 993 3746 Frisones
1013 3704 1088 3748 cum
1109 3685 1191 3770 epis·

84 3823 172 3888 copo
202 3802 238 3864 in
270 3795 485 3869 llonltedam‚
519 3803 554 3855 ut
585 3791 777 3876 praesidium
798 3791 916 3854 lerrent
939 3791 1190 3858 occidentalibus

83 3909 275 3977 Frisonibus.
318 3904 380 3968 Sed
411 3901 452 3966 ab
484 3898 649 3963 llollandis
679 3899 712 3962 in
744 3899 837 3962 armis
857 3900 974 3982 paratis
995 3899 1093 3984 fugati
1115 3913 1190 3966 sunt

82 4019 246 4087 nonnullis
278 4011 467 4078 intersectis.
524 4004 665 4069 Tandem
697 4015 768 4089 post
800 4005 927 4068 infinita
961 4006 1079 4088 proelia
1113 4027 1189 4072 cum

82 4125 255 4195 comitibus
285 4118 471 4185 Hollandiae
501 4114 627 4189 babila,
660 4113 857 4196 multamque
877 4112 1038 4196 sanguinis
1059 4113 1189 4181 humani

81 4238 286 4308 effusionem,
309 4228 450 4296 videntes
472 4221 685 4289 occidentales
706 4221 844 4285 Frisones
866 4220 1042 4286 lobannem
1056 4223 1189 4288 Hellan-
