2916 5150
329 481 389 546 128
769 471 992 540 WORPERI

326 648 437 713 larium
468 647 501 712 in
534 643 820 735 Ludingekercke,
852 641 941 727 quod
964 640 1104 726 diploma
1125 641 1262 705 eiusdem
1285 641 1436 728 episcopi

324 755 466 823 Godiridi
488 755 628 820 ostendit
659 754 706 817 his
728 750 847 816 verbis:
891 751 930 812 ln
953 749 1085 814 nomine
1106 759 1237 814 sanctae
1257 761 1288 814 et
1309 751 1437 815 indivi-

322 864 406 929 duae
437 862 611 927 Trinitatis:
648 860 828 946 ¹Godt'ridns
868 858 923 922 Dei
964 856 1178 923 misericordia
1220 859 1435 924 Traiectensis

322 971 484 1036 ecclesiae
501 970 624 1035 humilis
653 967 804 1033 minister.
855 966 972 1030 Notum
1012 987 1075 1030 esse
1105 966 1249 1031 volumus
1278 966 1435 1030 universis

321 1077 431 1145 Christi
460 1076 604 1142 fidelibus
632 1073 844 1161 praesentibus
876 1083 972 1158 atque
1001 1074 1128 1150 futuris,
1163 1074 1296 1159 qualiter
1328 1076 1434 1138 irater

321 1184 494 1252 llilwerdns
525 1184 566 1250 de
596 1182 854 1270 Ludingekerclte
881 1203 955 1246 cum
986 1179 1174 1268 quibusdam
1208 1182 1434 1267 budingman·

321 1314 437 1358 norum
479 1314 498 1357 a
531 1291 625 1356 nobis
652 1291 793 1376 petierit,
838 1300 871 1353 ut
905 1290 1153 1354 concederemus
1182 1290 1365 1372 magistrum
1401 1291 1431 1354 ei

322 1411 419 1487 atque
437 1399 584 1464 fratribus
603 1399 666 1462 suis
685 1396 896 1483 regularibus,
931 1398 987 1482 qui
1008 1396 1104 1462 verbo
1125 1405 1155 1461 et
1176 1397 1319 1480 exemplo
1339 1398 1432 1481 ipsos

320 1508 510 1592 praecedere
538 1517 641 1593 posset
673 1515 703 1570 et
724 1504 900 1570 secundum
920 1504 1061 1589 regulam
1081 1503 1165 1568 beati
1187 1505 1351 1590 Augustini
1380 1527 1431 1568 re·

320 1636 393 1700 gere
423 1626 541 1683 nosset.
584 1614 681 1702 Cujus
711 1614 810 1677 iustae
843 1623 939 1698 atque
960 1611 1141 1676 rationabili
1164 1612 1291 1676 libenter
1313 1634 1429 1677 annu·

320 1733 408 1786 entes
428 1723 595 1806 petitioni.
618 1721 659 1784 ad
682 1721 818 1785 eandem
841 1721 1005 1785 ecclesiam
1027 1720 1225 1796 divertimus,
1259 1731 1291 1784 et
1313 1723 1427 1786 audita

319 1831 462 1896 omnium
494 1829 624 1893 lratrum
657 1828 718 1892 vita
751 1828 1017 1893 consentientium
1039 1829 1073 1892 in
1095 1828 1128 1892 id
1150 1830 1252 1914 ipsum
1275 1833 1427 1894 unanimi

319 1938 517 2012 concordia,
548 1935 756 2001 concessimus
787 1937 830 1999 eis
860 1934 1033 2000 libertatem
1065 1937 1200 2021 eligendi
1229 1939 1426 2022 spiritualem

316 2056 440 2130 patrem
471 2061 704 2131 quemcumque
735 2042 917 2108 voluissent.
961 2045 1006 2108 Ex
1039 2045 1172 2108 consilio
1193 2046 1285 2129 igitur
1306 2048 1426 2112 blathei

317 2153 438 2219 abbatis
468 2153 570 2218 sancti
602 2151 691 2215 Pauli
713 2152 744 2215 in
765 2151 928 2227 Treiecto.
965 2162 994 2216 et
1017 2150 1222 2216 Hildebrsndi
1244 2151 1372 2218 abbatis
1394 2157 1426 2219 in

316 2263 460 2337 Wersla‚
486 2269 747 2345 clelerorumque
766 2261 903 2326 virorum
926 2259 1158 2343 religiosorum,
1173 2263 1228 2347 qni
1251 2262 1426 2326 nobiscum

315 2389 379 2433 una
396 2369 555 2441 aderant,
579 2366 710 2430 universi
731 2378 959 2433 consenserunt
979 2370 1013 2432 in
1035 2388 1201 2452 personam
1211 2371 1315 2435 fratris
1327 2371 1425 2458 wig-

315 2473 421 2548 boldi‚
453 2484 514 2537 etc.
556 2473 594 2536 Et
624 2473 725 2538 inira:
760 2473 900 2540 Proinde
933 2475 1106 2540 astantibus
1126 2477 1203 2552 iltis,
1238 2479 1293 2564 qni
1318 2481 1423 2548 advo-

315 2583 379 2647 cati
413 2581 602 2650 dicebantur
621 2582 788 2657 ecclesiae,
823 2593 854 2646 et
876 2585 1037 2648 nonnullis
1057 2606 1095 2648 ex
1115 2587 1277 2669 parentela
1299 2588 1424 2676 Ludig·

313 2710 528 2765 mansorum,
551 2690 607 2776 qui
628 2700 804 2774 praesentes
823 2692 969 2767 fuerant,
1003 2693 1084 2757 sicut
1103 2693 1166 2757 iam
1187 2695 1310 2778 pridem
1331 2698 1423 2762 iece-

312 2807 406 2875 rant,
439 2798 484 2864 ita
506 2798 599 2863 nobis
619 2798 814 2862 intuentibus
833 2810 1039 2865 memoratam
1060 2803 1223 2866 ecclesiam
1244 2824 1261 2866 a
1281 2808 1420 2888 propria

311 2907 506 2993 possessione
551 2907 616 2970 Deo
660 2905 756 2970 libera
798 2905 973 2973 donatione
1003 2909 1264 2996 emancipabant.
1316 2913 1441 2994 Quod

311 3018 433 3080 lactum
463 3014 566 3078 statim
599 3013 712 3078 banno
743 3024 851 3078 nostro
884 3016 1094 3089 firmavimus,
1130 3029 1160 3082 et
1182 3019 1417 3106 nequisquam

311 3121 459 3187 iratribus
497 3141 575 3185 ausu
605 3123 771 3186 temerario
802 3123 976 3210 quicquam
1006 3125 1140 3190 iniuriae
1172 3129 1219 3192 vel
1250 3129 1417 3196 molestiae

310 3232 456 3306 inferret,
491 3239 558 3293 tam
591 3229 719 3306 abbati,
754 3251 852 3317 quam
883 3232 1033 3309 subditis,
1068 3235 1129 3298 sive
1161 3235 1308 3300 ministris
1328 3239 1412 3310 suis.

311 3350 410 3425 atque
440 3335 687 3415 successoribus,
720 3341 904 3425 cunctisque
937 3341 1029 3406 rebus
1058 3343 1119 3405 suis
1150 3342 1262 3408 habitis
1281 3345 1330 3408 rel
1350 3345 1414 3408 lra-

308 3447 422 3512 bendis
452 3456 513 3512 etc.
556 3447 594 3511 Et
614 3446 715 3512 inires
759 3449 928 3514 Ecclesiam
959 3450 1053 3515 etiam
1084 3451 1179 3536 ipsius
1199 3452 1240 3516 ab
1262 3452 1415 3519 omnibus

308 3557 429 3622 tributis
448 3557 496 3622 vel
518 3555 629 3620 debitis
648 3556 778 3621 liberam
798 3559 983 3632 dimisimus,
1000 3559 1053 3622 sed
1075 3569 1105 3622 et
1127 3559 1290 3624 dimidium
1313 3560 1414 3626 bene·

306 3666 415 3732 ficium
446 3674 477 3729 et
509 3665 672 3728 utilitatem
704 3666 852 3729 eeclesiae
883 3667 917 3729 in
949 3665 1163 3752 Minuersgbae
1192 3666 1250 3731 sibi
1281 3669 1413 3754 suisque

305 3771 533 3837 successoribus
566 3771 663 3852 (salvo
695 3782 799 3836 tamen
831 3773 897 3835 iure
916 3773 1037 3856 nostro)
1063 3774 1224 3839 tribuimus
1243 3786 1308 3840 eto.
1355 3778 1411 3844 Vi·

305 3882 397 3947 detur
426 3902 468 3966 ex·
493 3879 690 3964 praescriptis
721 3882 945 3945 monasterium
967 3883 1001 3945 in
1024 3882 1286 3968 Ludingelrerclre
1307 3887 1410 3968 paulo

305 4001 377 4054 ante
408 3987 597 4062 fundatum,
632 3987 688 4051 sed
719 4010 786 4073 quo
819 4000 959 4076 tempore
980 4000 1035 4054 ant
1056 4013 1147 4056 anno
1168 3991 1313 4056 invenire
1334 4014 1407 4058 uon

303 4099 404 4180 potui.
447 4099 492 4161 Ex
524 4097 585 4161 boe
615 4099 807 4163 monasterio
838 4099 927 4184 plura
962 4100 1097 4164 eiusdem
1121 4100 1236 4164 ordinis
1259 4101 1408 4183 prodiere

303 4207 511 4281 monasteria,
543 4205 614 4269 licet
646 4206 763 4290 singula
796 4227 868 4272 suos
899 4228 939 4274 ac
970 4209 1115 4293 proprios
1134 4206 1303 4274 habuerint
1326 4209 1406 4274 sun-
