2950 5144
529 444 779 516 cunontcon.
1170 461 1215 528 40

145 645 347 714 anamodo
369 661 527 716 canctus
546 661 785 722 §widbertus
804 665 1010 738 episeopus
1028 681 1163 730 eme·

164 747 299 803 oratur
317 749 359 804 ct
376 751 519 810 multoe
536 755 578 812 tn
595 757 724 815 rtur·
741 757 908 829 alliaque
926 762 1138 828 ‚nehem

324 839 553 902 Gammae
573 847 623 904 ad
641 848 755 906 ue·
773 854 980 910 convertit.

568 1047 656 1114 CAP.
681 1050 734 1116 vt.

1 1326 5 1332 y
134 1258 279 1342 Denique
297 1272 460 1328 crescente
480 1265 624 1348 quotidie
635 1287 770 1331 numero
780 1267 930 1342 fidelium,
942 1271 1204 1354 praedicantibus

87 1387 170 1429 cum
205 1388 317 1454 magna
351 1371 524 1436 devotione
554 1375 702 1458 praelatis
732 1376 1025 1460 praedicatoribus,
1068 1382 1204 1466 gratiam

87 1473 241 1558 baptismi
272 1477 467 1564 quicumque
496 1501 535 1544 ex
555 1484 598 1545 eis
618 1491 713 1547 erant
733 1484 925 1550 sacerdotali
946 1485 1048 1570 gradu
1068 1487 1203 1572 praediti

84 1581 327 1649 ministrabant.
372 1585 451 1650 Cum
484 1608 558 1652 vero
588 1590 735 1656 ecclesias
755 1612 826 1656 non
848 1592 1024 1668 baberent,
1057 1594 1101 1660 ad
1121 1615 1203 1681 quas

82 1691 248 1774 populum
278 1713 465 1758 conversum
488 1716 667 1763 convocare
687 1709 719 1764 et
741 1699 848 1764 divina
869 1698 1029 1766 celebrare
1047 1713 1199 1786 possent,

81 1802 255 1865 communi
288 1801 418 1868 decreto
449 1806 592 1870 omnium
624 1807 756 1872 fratrum
786 1819 819 1872 et
852 1809 1087 1896 neophytorum
1118 1810 1201 1878 duos

83 1931 122 1973 ex
156 1911 203 1972 eis
235 1911 270 1974 in
304 1911 469 1997 episcopos
499 1916 736 1980 consecrandos
767 1917 952 2004 elegerunt,
987 1918 1045 2004 qui
1076 1920 1198 2005 populo

82 2017 253 2082 Frisonico
296 2031 475 2102 praeessent
527 2022 624 2086 verbo
666 2024 933 2107 praedicationis,
979 2037 1010 2090 et
1054 2027 1199 2094 ecolcdas

79 2125 274 2190 dedicarent
307 2149 347 2192 ac
377 2129 507 2195 ordines
538 2150 644 2194 saeros
664 2131 880 2203 celebrarent,
914 2141 1029 2214 utpote
1049 2142 1198 2198 sanctum

81 2233 328 2298 Willibrordum
361 2237 444 2301 inter
479 2258 534 2301 eos
566 2238 679 2302 merito
709 2237 979 2322 praefulgentem,
1013 2238 1118 2304 virum
1138 2238 1198 2304 bu·

79 2343 189 2407 milern
220 2353 252 2408 et
286 2345 381 2409 totius
409 2345 582 2411 honestatis
609 2346 757 2429 exemplis
785 2346 954 2420 relectum,
985 2358 1016 2412 et
1048 2357 1198 2414 sanetum

80 2451 320 2528 Swidbertum,
356 2455 455 2519 virum
486 2454 585 2520 corde
614 2462 834 2529 mansuetum,
867 2455 1028 2538 scripturis
1048 2457 1144 2520 sacris
1164 2466 1197 2522 et

85 2561 306 2626 ecclesiasticis
327 2562 499 2647 disciplinis
520 2563 664 2648 apprime
688 2563 891 2626 instructum.
935 2562 1070 2629 Sanctus
1090 2574 1196 2630 autem

80 2667 282 2734 Swidbertus
302 2670 345 2733 ad
367 2671 563 2736 Britanniam
584 2672 647 2735 sire
667 2669 812 2754 Angliam
832 2670 966 2752 perrexit
988 2691 1062 2742 cum
1083 2672 1194 2738 Accbo
1223 2733 1234 2741 ,

1 2839 2 2842 ,
78 2786 113 2839 et
146 2775 275 2840 duobus
305 2778 444 2844 Ewaldia
474 2791 506 2843 et
528 2778 714 2843 Marcellino
736 2775 936 2860 presbytero,
969 2797 1009 2841 ac
1030 2779 1194 2842 nonnullis

1 2913 2 2976 3
80 2885 270 2971 neophytis3
302 2897 334 2951 et
363 2898 515 2956 uenerunt
546 2887 578 2951 in
600 2885 703 2972 vigilia
724 2884 827 2948 sancti
848 2883 1007 2948 Laurentii
1028 2883 1190 2969 martyris,

1 3009 2 3060 3
79 2996 119 3058 in
161 3006 321 3060 conventu
363 2997 581 3073 Eboraoenci,
627 2994 682 3059 ubi
711 3014 731 3056 a
762 2993 895 3058 fratibus
926 3000 1125 3066 conventus,
1159 3002 1191 3058 et

81 3105 257 3188 praecipue
296 3104 481 3189 parentibus
521 3115 552 3167 et
587 3103 696 3166 amicis
726 3102 868 3187 graciose
899 3101 1026 3165 luerunt
1059 3102 1188 3186 recepti.

1 3209 2 3213 ’
81 3211 227 3276 Tandem
269 3211 393 3277 duobus
425 3212 562 3278 Ewaldis
601 3208 805 3275 tendentibus
846 3208 888 3272 de
926 3207 1055 3274 licentia
1086 3209 1189 3280 sancti

78 3319 254 3386 Swidberti
285 3322 328 3385 ad
360 3320 564 3398 Hiberniam,
595 3318 803 3403 promissione
836 3326 940 3382 tamen
961 3316 1047 3400 prius
1078 3316 1184 3389 laeta,

77 3439 113 3491 ut
134 3429 332 3514 quantocius
352 3429 491 3493 redirent
512 3426 554 3491 ad
586 3425 806 3499 Germaniam,
841 3425 907 3507 ipse
927 3432 1057 3489 sanctus
1079 3423 1186 3488 Swid·

77 3535 186 3600 bertus
207 3557 281 3602 cum
304 3537 433 3603 caeteris
458 3537 520 3600 suis
549 3532 764 3600 confratribus
793 3540 825 3595 et
854 3530 946 3594 sociis
975 3529 1110 3614 perrexit
1142 3529 1185 3594 ad

77 3653 227 3706 sanetum
251 3643 450 3719 Willridum,
485 3652 563 3706 tuno
593 3638 802 3705 ldarcbiorum
834 3637 1039 3722 episcopum,
1071 3645 1183 3702 sancto

76 3748 216 3834 Egberto
238 3753 475 3838 archiepiscopo
495 3751 688 3816 Eboracenn
720 3747 866 3832 depresso
887 3746 974 3832 gravi
996 3745 1184 3810 infirmitatis

74 3857 309 3936 incommodo,
345 3859 550 3944 exposuitque
581 3859 610 3922 ei
643 3877 792 3932 causam,
840 3864 1002 3941 quatenus
1033 3875 1072 3918 ex
1100 3854 1182 3936 peti-

72 3967 164 4031 tione
205 3967 340 4032 fratrum
381 3967 414 4030 in
455 3966 550 4030 Frisia
590 3962 632 4028 ab
663 3985 703 4028 eo
732 3965 898 4048 episcopus
931 3967 1181 4027 consecraretur.

72 4073 212 4140 Sanctus
245 4097 321 4141 vero
353 4073 515 4140 Willridus
543 4074 728 4159 episcopus,
773 4072 827 4134 ubi
870 4071 935 4134 eiua
973 4089 1053 4154 opus
1081 4088 1181 4137 eran·

70 4183 144 4268 gelii
173 4186 258 4249 inter
289 4185 433 4250 Frisones
464 4183 637 4268 comperit,
660 4199 780 4267 magno
813 4177 930 4264 gaudio
962 4177 1124 4244 exsultarit
1143 4181 1179 4244 in

1 4289 2 4292 ’
1029 4287 1052 4350 d
