2916 5150
275 495 336 564 172
714 493 935 562 WORPBRI

271 685 410 749 mumque
440 662 684 736 emanantibus,
710 683 764 726 seu
783 665 875 728 factis
906 685 960 728 seu
991 662 1145 728 faciendis
1165 662 1292 726 ratione
1314 663 1380 727 ad-

270 772 506 837 ministrationis
534 771 630 856 ipsius
658 771 790 845 Frisiae,
823 793 908 856 quae
934 773 1051 836 luerim
1077 771 1243 855 praedicto
1264 773 1380 836 comiti

268 899 328 964 per
347 881 473 944 Frisium
494 881 700 964 praedictam,
713 900 771 964 per
790 879 911 944 dietum
933 881 1081 944 comitem
1103 889 1158 944 aut
1178 880 1244 944 ears
1264 879 1380 944 haere·

270 991 326 1055 des
355 989 449 1053 nobis
480 999 513 1053 ct
544 988 659 1053 nostris
690 987 921 1052 successoribus
941 989 1119 1052 nullatenus
1139 989 1378 1071 computandis.

271 1100 352 1162 Sane
381 1099 406 1160 si
436 1097 557 1160 dictum
588 1097 739 1160 comitem
768 1097 803 1159 in
834 1096 929 1159 Frisia
950 1094 1114 1178 praedicta
1136 1097 1256 1182 aliquas
1276 1106 1380 1160 terras

270 1227 324 1269 seu
364 1224 571 1288 pomnen
602 1204 772 1288 contigerit
806 1223 1012 1287 comparare,
1058 1203 1101 1266 ad
1132 1204 1234 1287 ipsum
1265 1215 1378 1268 tamen

268 1311 434 1396 imperium
463 1331 531 1374 non
562 1320 760 1394 spectantes,
793 1311 861 1374 illas
880 1311 1015 1394 pacifice
1035 1333 1056 1375 a
1077 1311 1170 1375 nobis
1190 1323 1222 1376 ct
1243 1313 1379 1397 imperio

269 1419 356 1484 feudi
387 1419 479 1482 tilulo
510 1418 692 1503 possidebit.
736 1417 902 1482 Caeterum
932 1419 965 1482 in
994 1419 1071 1484 dicti
1104 1421 1227 1484 comitis
1258 1421 1381 1485 laboris

269 1537 301 1590 et
333 1525 575 1590 sollicitudinum
618 1545 876 1608 recompensam,
910 1537 1050 1611 quatuor
1080 1529 1163 1592 milia
1194 1551 1379 1594 marcarum

271 1634 393 1718 argenti
424 1635 496 1718 puri
534 1643 566 1697 et
598 1633 766 1698 examinati
796 1633 927 1720 dignum
956 1635 1101 1699 duximus
1132 1637 1236 1700 eidem
1264 1638 1380 1702 comiti

269 1741 443 1828 largienda.
486 1741 526 1804 Et
555 1741 580 1802 si
612 1739 706 1804 nobis
734 1751 767 1803 et
787 1741 1016 1806 successoribus
1036 1746 1151 1808 nostris
1171 1747 1287 1810 dictam
1310 1755 1379 1809 ter·

270 1870 337 1912 ram
370 1847 484 1911 Frisiae
505 1868 523 1910 a
545 1846 635 1910 dicto
657 1847 774 1910 comite
795 1849 966 1932 contigerit
987 1852 1155 1936 assignari,
1190 1855 1379 1938 priusquam

270 1968 387 2020 terram
418 1955 580 2029 restituat,
613 1965 755 2038 quatum
784 1954 872 2019 dicta
894 1957 979 2019 milia
1000 1979 1202 2035 marcarum,
1235 1982 1293 2044 per
1315 1981 1381 2024 nos

270 2065 319 2130 vel
360 2071 553 2127 successores
583 2073 708 2126 nostros
740 2062 859 2126 debent
890 2065 992 2128 eidem
1023 2069 1131 2131 comiti
1162 2071 1316 2134 annotari
1346 2081 1382 2134 ct
1445 2104 1449 2110 ·

271 2172 463 2258 integraliter
491 2171 636 2254 persolvi.
678 2170 781 2235 Testes
814 2182 919 2236 autem
951 2173 1042 2237 huius
1063 2177 1289 2241 commissionis
1309 2177 1385 2240 fue·

272 2289 348 2342 runt
380 2279 510 2341 inferius
542 2280 696 2341 nominati
726 2278 866 2356 nobiles,
898 2282 1080 2348 Fredericus
1108 2283 1317 2370 burggravius
1338 2286 1384 2350 de

274 2387 451 2471 Nimagcn‚
483 2385 659 2448 Everartlus
688 2405 796 2449 comes
827 2388 869 2450 de
899 2389 1233 2476 Kataenelleboge(*)‚
1269 2414 1382 2458 comes

200 2564 205 2572 ‚
272 2493 417 2557 Albcrtus
437 2492 479 2554 de
499 2490 730 2568 llohenhmck,
765 2495 884 2558 Ulricus
905 2496 947 2561 de
967 2499 1203 2577 nannenten,
1227 2501 1384 2566 Gerlacus

271 2599 313 2663 de
344 2598 512 2674 Straberc,
546 2601 692 2686 magister
723 2603 877 2667 Henricus
908 2605 949 2668 de
968 2606 1247 2684 Ktinckenberch.
1283 2612 1385 2676 aulae

271 2717 397 2772 nostrae
428 2708 688 2792 prothonotarius
720 2722 751 2775 et
772 2714 975 2796 quamplures
996 2715 1047 2778 alii
1068 2725 1099 2778 et
1122 2715 1242 2780 nobiles
1262 2728 1296 2781 et
1314 2741 1385 2803 po·

272 2827 384 2880 tentes.
427 2816 468 2878 ln
497 2819 738 2901 praemissorum
767 2822 910 2885 omnium
943 2823 1156 2887 testimonium
1187 2836 1219 2888 ct
1251 2824 1377 2902 robur,

270 2944 419 3010 praesens
447 2923 597 3004 scriptum
625 2925 784 2989 conscribi
804 2938 835 2990 et
856 2930 1024 2993 maiestatis
1043 2942 1170 2995 nostrae
1190 2933 1291 3016 sigillo
1313 2933 1384 2997 ius·

268 3032 364 3094 umus
383 3030 582 3094 communiri.
616 3031 730 3094 Datum
751 3034 913 3099 Erlordiae
933 3047 1050 3121 quarto
1071 3040 1224 3104 calendas
1244 3045 1383 3125 Augusti

270 3137 446 3201 indictione
474 3138 584 3213 tertia,
618 3159 709 3203 anno
730 3141 859 3206 Domini
879 3165 1004 3212 mccxc.
1046 3146 1154 3232 Regni
1175 3169 1251 3213 vero
1274 3152 1381 3214 nostri

271 3264 362 3308 anno
383 3267 455 3309 xvir.

268 3965 426 3982 μ

268 4059 381 4111 donum.
400 4057 544 4122 vocares,
556 4057 623 4121 1.l.,
642 4076 673 4126 p·
690 4060 753 4124 422,
774 4063 845 4115 citet
861 4082 895 4117 ex
914 4073 1082 4125 testamento
1102 4079 1194 4132 sancti
1214 4079 1376 4137 Rumon:

269 4151 381 4204 incolas
399 4152 456 4202 loci
471 4149 565 4216 itlius,
585 4149 792 4221 multiplicibus
811 4159 920 4212 exeniis
935 4169 1063 4233 gravati.

306 4243 349 4312 (*)
389 4242 534 4311 Scriptum
551 4253 611 4298 erat
628 4247 864 4318 Katzennewoge.
