2950 5144
505 435 752 546 canonicos.
1137 491 1179 558 aa

77 667 180 719 mere,
230 647 292 709 uisi
334 645 532 719 desisterent,
575 645 788 713 minabantur.
843 649 939 730 Quod
981 653 1180 721 attendentes

78 753 178 818 saneti
199 750 379 818 saoerdotes
399 752 456 838 ipsi
480 752 664 819 charitative
686 754 911 832 condolentes,
943 758 1060 824 deroto
1082 763 1181 828 eorde

80 859 338 944 deprecabamur
377 861 495 937 Deum,
541 872 696 947 quatenus
726 883 837 928 eorum
873 867 973 932 eorda
1003 869 1180 939 illuminare

77 967 280 1050 dignaretur,
317 986 358 1030 ne
387 976 453 1031 tam
482 969 635 1032 formosas
662 990 814 1054 personas
844 974 1027 1042 insatiabilis
1047 989 1182 1046 tartanrs

80 1073 187 1140 voraci
207 1074 300 1138 laune
321 1074 511 1142 absorberet.

387 1531 444 1586 De
461 1530 592 1588 heuto
608 1533 866 1594 Postlla-dte.

565 1731 652 1798 CAP.
675 1735 732 1800 tv.

121 1947 307 2013 morabatur
346 1957 450 2012 autem
489 1948 543 2012 illo
575 1959 715 2032 tempore
747 1951 885 2033 perfidus
918 1953 1095 2020 Radbodus
1130 1979 1182 2024 rex

78 2057 211 2134 Furiae,
246 2058 390 2142 expulsus
410 2080 429 2122 a
451 2059 595 2122 Treiecto
615 2079 672 2141 per
693 2058 983 2126 christianissimum
1004 2069 1183 2152 prinoipem

1 2204 2 2210 κ
76 2165 250 2250 Pippinum
283 2167 324 2230 de
357 2167 535 2240 liarstallo,
568 2165 656 2250 apud
684 2166 820 2230 insulam
840 2166 1067 2246 Fostilandiae,
1099 2196 1183 2259 quae

76 2294 96 2336 a
127 2273 276 2358 quodam
306 2275 371 2338 lleo
401 2293 458 2337 suo
489 2273 579 2338 dioto
611 2272 707 2337 Fosto
735 2282 814 2338 tuno
835 2273 1023 2340 lloatilandia
1045 2281 1183 2363 appella.

1 2363 3 2446 }
75 2382 193 2459 batur,
230 2403 315 2466 quae
335 2383 427 2447 valde
446 2381 595 2446 solemnis
613 2390 682 2445 erat
702 2391 832 2466 propter
853 2383 1097 2466 superstitiosam
1117 2408 1185 2452 sse.

76 2502 145 2556 tam
174 2491 352 2556 idolatriae.
394 2492 434 2555 ln
465 2511 532 2575 qua
557 2491 660 2554 insula
689 2489 869 2554 saeerdotes
889 2491 945 2555 Dei
966 2492 1186 2562 willibrordus

80 2621 155 2665 oum
185 2600 248 2664 suis
278 2597 369 2663 sociis
389 2619 463 2664 oum
484 2597 660 2672 venissent,
693 2598 887 2682 suggestione
906 2600 1011 2664 saneti
1031 2600 1186 2687 wigberti

1 2737 2 2774 1
76 2708 218 2792 prolana
249 2706 353 2770 statim
387 2705 518 2771 delubra
550 2704 634 2770 loris
674 2712 706 2768 et
737 2704 850 2770 Vestae
880 2704 1119 2781 destumerunt,
1154 2721 1186 2774 et

1 2833 2 2879 1
77 2824 267 2882 constanter
286 2811 507 2898 praedicando
529 2821 590 2875 tres
608 2809 810 2874 solummodo
830 2809 971 2874 homines
990 2808 1187 2892 baptizando

76 2922 204 2990 Christo
245 2921 358 2987 lucrati
398 2930 484 2986 sunt.
537 2916 715 2983 ltadbodus
747 2937 823 2982 vero
855 2937 929 2994 rex,
962 2917 1187 2984 strenuissimus

1 3013 2 3084 i
77 3030 238 3105 idolatra,
282 3029 415 3094 audiens
452 3027 539 3092 idola
572 3026 731 3091 destructa
760 3046 817 3110 per
848 3025 1057 3101 Christianos,
1105 3049 1187 3113 quoe

1 3141 2 3146 ’
78 3159 204 3224 semper
234 3138 365 3214 oderat,
401 3137 497 3202 iratus
525 3144 572 3199 eat
601 3133 704 3198 valde.
746 3135 852 3218 Atque
881 3132 1030 3197 iniuriam
1049 3135 1186 3203 Momm

80 3262 210 3313 suorum
230 3229 338 3312 ulcisci
360 3247 486 3319 volens,
522 3251 670 3307 sanetum
691 3240 909 3328 wigbertum,
944 3263 1042 3329 quem
1063 3244 1187 3312 dudum

77 3357 289 3423 Christianum
317 3362 466 3427 norerat,
499 3371 600 3416 unum
631 3371 669 3416 ex
703 3351 795 3416 soniis
827 3361 1008 3416 sanctorum
1030 3351 1101 3418 diro
1122 3362 1189 3419 tor·

78 3473 193 3530 mento
224 3462 355 3550 iugulari
385 3460 489 3535 iussit,
532 3459 588 3544 qui
619 3461 771 3522 continua
803 3477 898 3542 prece
930 3460 1027 3522 Deum
1058 3479 1188 3526 exorare

78 3573 202 3639 solebat
221 3591 284 3656 pro
305 3566 535 3654 consequenda
556 3565 687 3630 martirii
706 3563 826 3649 palma.

125 3678 312 3744 Saoerdotes
343 3698 417 3745 vero
448 3674 549 3741 saneti
577 3671 831 3759 perpendentes,
865 3669 1021 3757 quoniam
1052 3669 1188 3739 Radbe-

82 3788 145 3852 dus
163 3807 216 3852 rex
235 3807 441 3872 nequaquam
463 3782 505 3849 ab
525 3782 684 3848 idolorum
704 3781 827 3847 cultura
848 3779 1024 3858 desisteret,
1046 3789 1077 3846 et
1097 3783 1188 3868 quod

79 3897 115 3961 in
145 3896 313 3963 lucrandis
353 3893 518 3960 animabus
545 3911 660 3976 parum
691 3891 885 3976 proficerent
916 3899 1047 3976 propter
1077 3901 1190 3977 tyran.

79 4005 190 4073 uidem
222 4005 305 4091 regis
326 4001 499 4078 Radbodi,
533 3998 727 4064 diverterunt
749 3999 792 4063 ad
812 4000 989 4084 praelatum
1010 3999 1186 4086 principem

79 4115 253 4202 Pippiuum
274 4112 317 4183 de
337 4112 512 4195 llarstallo,
536 4129 556 4173 a
576 4126 645 4191 quo
666 4116 828 4190 gratanter
848 4116 919 4172 sunt
940 4105 1072 4190 accepti.
