2950 5144
295 497 339 562 m
740 492 962 558 Woorear
1069 451 1079 470 ⁶

297 663 400 729 cussit.
444 663 605 744 Quoniam
637 660 765 746 quidem
796 659 1021 724 monasterium
1041 659 1074 723 in
1107 661 1179 723 loco
1201 655 1265 722 hoc
1287 667 1399 724 nostro

295 771 424 856 genitali
444 772 654 858 cogitaveram
676 777 874 843 construere,
896 767 1241 853 sedhocnequaquam
1252 787 1315 851 pro
1326 785 1399 830 mea

294 880 455 945 voluntate
477 880 528 944 hic
546 879 615 944 fieri
634 897 726 963 pooee
746 876 883 941 revelata
903 876 938 938 in
958 875 1205 940 somniarisione
1227 873 1398 940 bacnocte

295 986 405 1065 didici;
426 987 550 1051 venient
571 987 658 1051 enim
679 984 763 1058 dies,
784 992 818 1045 ut
838 982 1112 1047 Nortmannorum
1133 993 1243 1068 gentes
1263 1005 1301 1048 ex
1321 1003 1398 1066 sep·

294 1094 535 1159 tentrionalibus
563 1092 705 1179 partibus
733 1111 791 1175 per
821 1110 908 1154 mare
940 1091 983 1154 ad
1012 1089 1068 1154 has
1100 1101 1225 1156 nostras
1245 1102 1343 1156 terras
1364 1111 1398 1154 se

293 1201 483 1282 transferent
503 1213 534 1266 et
556 1203 655 1265 instar
666 1199 908 1285 caliginosamm
924 1197 1055 1262 nubium
1066 1200 1109 1264 eis
1118 1199 1271 1284 paulatim
1282 1200 1397 1264 irasm-

292 1321 388 1395 pent,
405 1320 436 1374 et
457 1309 753 1396 depraedabuntur,
775 1329 815 1373 ac
838 1306 966 1371 tandem
984 1307 1164 1392 gradsdma
1180 1307 1398 1392 persecutione

191 1489 203 1504 ‚
290 1422 475 1504 ingruentes
493 1417 711 1485 devastabunt.
755 1416 818 1482 Sed
840 1426 872 1481 et
891 1416 990 1481 fidem
1010 1414 1219 1482 Christianam
1241 1427 1398 1501 tanquam

291 1527 363 1593 solis
394 1528 497 1591 lucem
527 1524 786 1602 obumbrabunt,
828 1534 860 1589 et
890 1525 1116 1610 insequentur,
1160 1535 1327 1610 totamque
1358 1545 1397 1606 er

292 1633 441 1702 cordibus
472 1633 666 1700 credentium
695 1631 972 1697 disterminabunt.
1016 1633 1122 1714 Quam
1155 1643 1263 1698 tamen
1286 1633 1396 1696 Domi-

289 1764 349 1807 ntra
367 1763 424 1807 sua
443 1742 643 1807 miseratione
664 1740 708 1805 ad
728 1761 833 1806 servos
853 1761 927 1805 suos
947 1761 1123 1808 reversurus
1143 1741 1207 1806 luci
1227 1743 1392 1827 pristinae,

290 1849 363 1915 licet
393 1849 573 1934 pallidiori,
605 1847 763 1922 restituet,
798 1857 830 1910 et
862 1846 905 1911 ab
925 1847 1112 1913 australibus
1131 1851 1256 1935 populis
1275 1871 1392 1934 paoem

289 1955 461 2041 reparabit.
501 1955 552 2020 ad
581 1955 660 2020 haec
682 1963 787 2019 autem
809 1973 882 2019 cunr
903 1955 1092 2043 lleriburga,
1118 1958 1226 2023 audita
1247 1959 1393 2044 genitalis

288 2063 347 2128 soli
368 2063 575 2138 desolatione,
597 2061 687 2126 simul
708 2082 783 2125 cum
803 2081 844 2126 eo
864 2061 972 2139 fleret,
995 2073 1078 2128 etse
1099 2085 1167 2129 non
1189 2067 1282 2130 tantis
1302 2067 1392 2132 malis

287 2172 455 2247 reservari,
489 2171 544 2236 sed
576 2171 622 2236 vel
655 2179 752 2236 antea
784 2170 824 2234 de
854 2169 918 2236 hac
950 2171 1013 2236 vita
1046 2173 1113 2236 tolli
1144 2173 1391 2257 deprecaretur:

287 2301 358 2344 non
390 2280 435 2344 ita
467 2279 584 2364 (inquit
612 2279 677 2362 ille)
711 2279 788 2352 erit,
822 2299 844 2342 ο
876 2299 968 2343 soror
988 2301 1068 2346 mea.
1114 2281 1181 2364 Ego
1203 2292 1309 2346 autern
1328 2284 1391 2347 ista

287 2387 479 2472 temporibus
498 2387 574 2450 meis
594 2405 663 2449 non
686 2385 817 2461 videbo,
854 2395 889 2450 tu
909 2407 984 2454 vero
1005 2386 1080 2452 mibi
1100 2390 1313 2472 supervictura
1334 2412 1387 2467 es,

286 2505 318 2557 et
350 2512 459 2557 omnes
499 2493 573 2558 istas
616 2492 831 2558 tribulationes
860 2505 933 2577 post
963 2515 1014 2559 me
1044 2494 1172 2562 ridebis.
1225 2498 1389 2584 Siquidem

285 2602 372 2665 iuxta
403 2601 502 2666 sancti
532 2601 667 2688 ludgeri
696 2601 895 2687 prophetiam
924 2602 1118 2687 temporibus
1147 2605 1209 2668 suis
1229 2615 1321 2674 tanta
1343 2608 1390 2673 ibi

285 2718 353 2776 erat
384 2729 469 2794 pax,
502 2721 537 2775 ut
567 2731 607 2777 ne
637 2711 717 2774 ullus
738 2709 868 2795 quidem
890 2720 982 2774 tanta
1001 2729 1149 2796 unquam
1169 2715 1253 2777 mala
1274 2736 1413 2800 super-.

284 2830 417 2888 ventura
458 2817 502 2882 ibi
532 2819 740 2903 suspicaretur
769 2816 811 2882 de
842 2817 1061 2883 Nortmannis.
1115 2821 1155 2884 At
1185 2841 1257 2885 vero
1289 2844 1390 2889 anno

283 2925 423 2994 secundo
443 2935 516 3010 post
534 2925 638 2989 sancti
658 2924 715 2991 viri
735 2923 915 3001 decessum,
941 2924 1052 2990 eadem
1072 2927 1151 2991 sicin
1171 2931 1386 3012 praedixerat,

282 3054 408 3120 surgere
437 3031 589 3096 continuo
621 3041 814 3116 coeperunt,
846 3032 937 3095 utin
957 3033 1019 3096 suis
1038 3032 1115 3098 locis
1136 3034 1267 3102 dicetur.
1310 3042 1388 3123 Qua

282 3144 315 3207 in
344 3162 379 3206 re
410 3140 612 3206 considerare
640 3138 815 3224 diligentius
844 3138 941 3215 libet,
973 3150 1118 3226 wentae
1146 3145 1322 3211 sanctitatis
1351 3161 1386 3215 et

282 3249 384 3314 meriti
414 3249 462 3315 vir
490 3247 547 3312 iste
577 3247 663 3331 apud
696 3246 793 3311 lleum
824 3246 935 3324 fuerit,
967 3249 1019 3313 cui
1050 3262 1277 3335 superventura
1297 3259 1386 3324 mala

282 3356 438 3434 ostendit,
471 3367 502 3421 et
525 3366 630 3421 temen
652 3355 688 3416 in
708 3351 818 3417 diebus
837 3355 900 3418 siris
919 3355 998 3422 hoec
1019 3359 1145 3425 evenire
1164 3361 1277 3429 noluit.
1317 3366 1386 3452 lgi-

281 3476 333 3531 tur
364 3487 437 3532 cum
469 3465 595 3531 llomini
628 3463 823 3530 voluntatem
862 3463 1015 3530 intentius
1052 3468 1220 3532 exorando
1250 3476 1385 3560 perqui.

280 3585 379 3652 reret,
423 3596 491 3660 quo
528 3576 562 3638 in
592 3575 667 3639 loco
697 3571 922 3635 monasterium
952 3581 1020 3636 tuto
1051 3575 1220 3642 aedificare
1251 3593 1377 3664 poma,

279 3685 448 3748 revelatum
468 3691 513 3744 est
534 3681 562 3743 ei
582 3679 746 3752 divinitus,
773 3677 881 3740 locum
899 3679 1033 3745 electum
1054 3683 1226 3750 tundendo
1247 3707 1384 3756 monas-

278 3788 359 3854 terio
378 3787 494 3851 esseio
513 3786 593 3849 saltu
613 3783 758 3870 quodam
778 3783 867 3848 iuxta
887 3784 1004 3854 flumen
1024 3789 1146 3856 dictum
1166 3792 1269 3863 Rura.
1316 3799 1383 3882 Qui

277 3915 352 3959 mox
374 3892 536 3976 assumptis
556 3893 623 3958 viae
644 3889 810 3956 comitibus
831 3891 873 3957 ad
895 3903 1051 3960 ostensum
1066 3898 1124 3963 sibi
1146 3922 1166 3964 a
1187 3903 1253 3974 lleo
1270 3906 1384 3973 locum

276 4024 469 4096 properans,
504 3999 758 4068 aedificationem
779 3999 877 4063 ordiri
897 4003 1021 4086 coepit,
1056 4007 1146 4090 quod
1165 4020 1276 4092 postca
1297 4016 1385 4099 epis-
1473 4045 1474 4050 ¹

277 4130 376 4195 copus
395 4113 496 4178 lactus
515 4109 670 4196 implerit,
693 4107 881 4192 vocavitque
902 4109 977 4176 illud
999 4113 1172 4182 Werdene.
