2916 5150
509 413 757 484 canonicos.
1102 407 1108 418 ’
1138 422 1181 488 aa

130 627 444 693 cucumores
463 635 725 702 persancte-1
743 633 995 693 Fredertcum
1013 587 1115 706 epo-

206 736 345 794 copurn
364 724 405 780 et
423 726 600 783 sanctum
616 725 834 796 ornanum
851 727 901 784 aa
917 729 1062 788 Artena

422 817 554 876 heresi
570 820 819 878 revocantur.

508 1001 596 1070 cat.
618 1003 743 1068 XXXII.

110 1213 173 1278 Per
203 1213 288 1280 idem
318 1215 382 1279 iere
415 1224 537 1300 tempus
563 1215 745 1282 Frisonicus
773 1218 910 1301 populus
943 1218 982 1281 de
1013 1221 1176 1305 agnitione

7 1363 8 1414 1
60 1331 200 1387 sanctae
220 1331 251 1385 et
271 1321 455 1388 individuae
475 1321 635 1388 Trinitatis
656 1323 738 1388 adeo
759 1323 864 1386 multis
885 1324 999 1386 erravit
1021 1327 1054 1388 in
1076 1327 1174 1403 locis.

63 1439 104 1493 nt
138 1429 262 1494 sabellii
294 1430 438 1516 eriique
467 1439 590 1496 sectam
622 1432 765 1497 seeundo
797 1439 926 1515 putares
946 1441 1090 1496 exortam
1112 1453 1176 1498 ωε

61 1545 95 1600 et
131 1535 378 1606 disseminatam.
423 1536 519 1619 Quod
551 1540 676 1623 praesul
709 1538 962 1613 emendicat,
997 1538 1065 1603 sine
1085 1559 1175 1605 mora

62 1645 215 1714 Alcmere
224 1643 322 1709 fluvio
342 1645 555 1730 pertransito,
575 1645 617 1710 ad
638 1646 766 1711 Frisiam
787 1646 947 1732 pertenit,
960 1656 1056 1732 atque
1076 1668 1176 1734 pagos

62 1763 94 1816 et
116 1753 208 1818 viltas
229 1753 379 1820 docendo
400 1772 588 1840 peragram,
611 1775 717 1840 neque
737 1776 794 1840 per
815 1754 1048 1842 semetipsum,
1072 1777 1176 1844 neque

61 1882 124 1946 per
168 1882 242 1926 suos
284 1862 527 1929 archidiaconos
556 1863 695 1928 ferocem
726 1873 853 1950 gentem
884 1862 927 1927 ad
960 1863 1043 1928 viam
1072 1866 1176 1948 potuit

7 1947 9 2024 i

7 2057 15 2104 i.

7 2127 14 2272 i

7 2477 10 2606 i

7 2027 8 2038 ,
62 1971 222 2038 reducere
252 1972 397 2037 veritatis.
452 1971 543 2036 Tunc
586 1981 716 2037 sanctus
755 1971 920 2056 episcopus
959 1972 1063 2036 literas
1101 1970 1175 2038 cum

60 2081 175 2169 legato
204 2079 291 2146 fideti
321 2079 499 2144 Traiectum
520 2077 632 2144 direxit
650 2079 694 2143 ad
716 2078 770 2142 Dei
791 2079 943 2143 famulum
965 2077 1173 2165 Odutphum.

61 2200 99 2254 ut
134 2189 324 2276 quantocius
345 2197 542 2252 transmenso
563 2187 632 2252 sinu
654 2187 765 2262 maris,
799 2185 856 2272 qui
877 2185 1021 2250 Xtcmere
1043 2197 1175 2253 vocatur

63 2298 105 2363 ad
143 2318 177 2361 se
208 2316 308 2382 usque
340 2297 529 2380 perveniret.
584 2297 703 2380 Legatc
737 2301 844 2358 autent
876 2302 1011 2377 accepto
1044 2292 1090 2358 vir
1120 2294 1175 2358 Dei

61 2405 213 2492 protinus
245 2403 399 2470 desiderio
429 2402 568 2488 martyrii
600 2403 715 2468 ductus
735 2401 886 2478 narrent,
920 2411 950 2464 et
972 2400 1177 2470 transfretato¹

62 2513 184 2587 fluvio,
210 2511 252 2578 ad
274 2511 435 2589 suumn,
457 2509 513 2575 ubi
533 2511 656 2595 praesul
678 2510 815 2584 mansit,
837 2510 991 2595 pervenit.
1023 2509 1174 2590 Quoviso

62 2622 236 2707 episcopan
267 2638 386 2706 magno
418 2618 553 2704 repletus
585 2627 630 2681 est
662 2617 801 2702 gaudio,
835 2617 1111 2702 salutaveruntque
1141 2639 1174 2681 sc

64 2727 205 2795 invicem
244 2727 353 2793 osculo
392 2735 512 2792 sancto.
568 2725 657 2791 Tunc
687 2724 782 2788 ambo
813 2723 911 2790 divini
943 2720 1027 2788 verbi
1060 2725 1173 2788 armati

66 2837 175 2922 gladic
216 2844 394 2920 coeperunt
424 2855 481 2920 per
513 2833 661 2900 ccclesias
692 2832 782 2898 simut
814 2833 873 2896 iter
906 2850 1016 2916 agere.
1059 2828 1172 2891 iterum

65 2954 166 3030 atque
193 2943 306 3010 iterum
335 2944 459 3011 easdem
489 2953 649 3029 repetere,
682 2943 802 3028 populo
832 2939 1034 3025 praedicare.
1068 2945 1100 3000 et
1127 2936 1171 2999 ad

64 3053 149 3119 viam
181 3053 318 3119 veritatis
347 3053 526 3138 evangelica
559 3050 735 3116 eruditione
756 3058 957 3121 convertere.
992 3044 1171 3132 crebrisque

7 3219 8 3230 ,
66 3160 335 3227 admonitionibus
367 3158 554 3245 arguendo,
587 3155 789 3241 increpando
828 3154 990 3226 homines,
1025 3152 1080 3235 qui
1111 3172 1170 3216 an·

7 3321 8 3366 t
65 3279 112 3336 tea
135 3278 226 3334 erant
254 3269 338 3334 vetut
359 3267 425 3351 lupi
445 3267 582 3342 feroces,
616 3264 741 3328 satutari
764 3263 912 3349 dogmate
932 3261 965 3325 in
991 3269 1168 3324 mansuetas

7 3407 8 3412 ¹
64 3387 294 3444 converterunt
315 3395 400 3446 oves.
430 3375 558 3460 Scripsit
579 3374 672 3460 igitur
690 3355 1166 3454 beatusFrederieusepiscopur

7 3511 8 3558 ἦ
63 3484 242 3551 huiusmodi
262 3483 406 3550 chartam
433 3482 473 3548 de
494 3489 606 3547 sancta
627 3477 779 3543 Trinitate
799 3484 1033 3550 constructam,
1067 3495 1165 3559 quam

62 3614 116 3677 per
147 3592 318 3678 parochias
357 3591 471 3656 Frisiae
509 3585 724 3654 sacerdotibus
763 3584 864 3660 misit,
910 3592 946 3645 ut
975 3577 1108 3646 schisma
1139 3585 1164 3646 si

7 3675 8 3754 ἦ
63 3699 164 3767 denuo
186 3701 319 3766 oriretur
339 3700 373 3764 in
395 3699 535 3784 populo,
561 3695 741 3781 frequenter
762 3692 913 3776 legeretur
932 3691 966 3754 in
989 3689 1130 3773 publico.

7 3817 8 3828 t

7 3831 8 3848 t

7 3849 8 3862 t

7 3959 9 3972 t

374 3933 377 3938 -
454 3907 605 3964 moruus
627 3904 767 3952 caract.

98 4054 254 4116 Aeternus
274 4055 319 4111 est
340 4045 453 4120 Pater,
486 4050 631 4114 aeternus
650 4049 695 4104 est
716 4039 826 4114 titius,
859 4047 1004 4102 aeternus
1023 4047 1068 4102 eat
1089 4038 1160 4125 Spi.

7 4167 9 4256 ὲ

7 4259 10 4350 i

61 4158 132 4224 ritus
152 4166 295 4225 sanctus.
328 4153 495 4219 Distinctio
517 4160 562 4217 est
583 4149 617 4214 in
639 4149 798 4232 personis,
832 4145 936 4209 unitas
957 4149 1160 4233 cognoscitur

1016 4255 1036 4320 7
