2916 5150
492 463 741 535 CHROlllCON.
1057 459 1062 466 ’
1108 471 1170 540 rat

74 627 194 692 Influxit
229 639 333 696 autern
364 631 450 698 eirca
483 632 668 711 Berleoum,
700 645 731 701 et
751 635 833 700 ultra
854 635 1060 722 progrediens
1079 638 1166 705 ore·

73 735 284 818 berrudim,
308 739 476 817 Wirdum.
500 739 677 819 Rauwert,
708 741 846 807 Goutum
866 764 966 830 usque
985 745 1167 816 Tierewert.

72 843 176 929 lbique
206 854 310 910 tantus
337 847 396 910 fuit
427 867 583 931 aquarum
612 849 768 933 impetus,
801 850 890 935 quod
912 850 1021 938 vulgus
1041 873 1168 940 aggeres

72 949 206 1014 marinos
225 953 287 1017 suis
306 953 480 1038 sumptibus
499 964 531 1020 et
552 953 712 1019 laboribus
732 955 898 1022 indemnes
918 960 1077 1025 custodire
1096 979 1165 1026 uon

70 1059 312 1143 praevaluerunt.
358 1060 466 1141 Quare
486 1061 639 1145 compulsi
659 1072 734 1125 sunt
755 1063 859 1146 plures
881 1073 978 1130 terras
998 1087 1071 1132 sues
1091 1088 1166 1132 eum

19 1183 21 1240 t
70 1166 211 1231 oneribus
230 1188 380 1254 aggerum
400 1169 602 1244 monasteriis,
619 1179 698 1233 tune
710 1172 859 1254 temporis
870 1173 1070 1240 multitudine
1083 1194 1166 1240 eon-

68 1295 222 1342 rersorum
240 1276 487 1353 abundantibus,
510 1297 550 1342 ae
571 1277 710 1364 religiose
729 1277 836 1343 adhuc
856 1280 1048 1359 virentibus,
1070 1283 1167 1366 rerig-

17 1384 18 1456 l
67 1405 139 1450 nure
160 1396 261 1471 atque
280 1398 433 1471 perpetuo
454 1386 589 1451 donare.
632 1385 694 1468 Qui
716 1375 862 1452 conversi
881 1388 986 1452 multis
1006 1387 1166 1454 laboribus

65 1494 244 1558 fortissimos
283 1495 432 1560 facientes
470 1514 596 1580 aggeres
625 1494 793 1578 plurimum
824 1505 899 1561 sunt
930 1496 1030 1563 ditati.
1084 1497 1166 1561 llam

65 1603 143 1668 eirea
167 1624 286 1668 annum
305 1604 502 1688 praedictum
524 1613 606 1667 terra
627 1601 710 1666 inira
732 1603 890 1668 Stauriam
911 1614 942 1669 et
964 1603 1166 1670 lledenbliok

15 1693 16 1708 ¹
64 1713 154 1776 timia
190 1713 303 1776 oceani
336 1710 494 1777 alluvione
525 1709 678 1794 paulatim
711 1709 895 1792 defluente,
938 1713 1042 1798 coepit
1075 1711 1165 1776 buius

64 1820 150 1884 lleris
183 1814 400 1883 llerliterrairei
430 1818 533 1882 fluxus
555 1819 679 1888 sensim
710 1819 845 1906 mitigari
878 1829 975 1907 atque
995 1832 1076 1886 terra
1096 1821 1164 1905 ipsa

11 1975 13 2028 ἱ
63 1927 158 2014 magis
180 1927 342 2014 magisque
362 1925 505 2012 quotidie
525 1945 709 1991 accressere.

116 2384 223 2444 (trux
240 2379 492 2452 praedicetur
507 2381 550 2437 trr
566 2379 694 2438 mete
710 2391 784 2452 pro
800 2379 1101 2452 recuperatione

5 2540 8 2586 t
436 2475 580 2532 'ferree
598 2473 779 2534 musmo.

495 2674 585 2742 CAP.
606 2675 721 2742 XVlll.

98 2896 201 2958 Anno
234 2892 361 2957 Domini
394 2891 499 2956 mxcix
529 2901 670 2976 ternpore
698 2887 821 2954 Drbeni
851 2907 956 2974 papae
975 2888 1107 2953 monadi
1128 2901 1160 2955 et

57 3001 185 3065 ilenriei
229 2999 334 3085 quinti
363 2982 577 3084 imperatoris,
609 3007 682 3084 post
713 2991 812 3062 multa
840 2998 959 3081 proelia
991 3009 1085 3084 capta
1115 3009 1161 3064 est

55 3107 248 3174 lheruselem
281 3109 364 3172 duce
385 3106 548 3172 Godl'redo
569 3106 610 3169 de
630 3105 764 3181 Bulion.
787 3106 843 3190 qui
864 3105 967 3170 laetus
986 3115 1030 3170 est
1051 3105 1161 3171 Ibero·

56 3219 251 3303 solymorum
272 3215 390 3299 primus
410 3235 474 3280 rex.
510 3214 613 3295 Quem
633 3211 801 3278 Christiani
821 3231 980 3278 coronare
999 3215 1158 3291 volentes,

48 3317 119 3411 lpse
150 3325 279 3390 rennuit
302 3336 504 3400 asseverans,
538 3342 570 3386 se
598 3321 684 3386 nolle
715 3341 845 3386 auream
866 3341 1019 3387 coronam
1040 3323 1160 3389 deferre

54 3435 87 3498 in
109 3455 152 3499 ea
174 3432 273 3508 urbe,
305 3432 340 3495 in
362 3451 428 3517 qua
451 3429 588 3496 Christus
608 3429 751 3514 spineam
773 3428 898 3493 tulisset
943 3429 1064 3494 Deinde
1082 3453 1159 3514 pro·

54 3542 190 3608 oedente
221 3551 362 3625 tempore
382 3537 550 3604 Christiani
570 3537 605 3599 in
626 3536 679 3600 illa
702 3535 795 3600 Terra
817 3535 939 3599 Sancta
960 3534 1156 3613 habitantes,

51 3671 155 3736 quarn
185 3647 321 3714 Christus
352 3648 505 3715 Dominus
536 3645 625 3728 largo
654 3644 811 3729 sanguine
840 3653 1011 3729 martyrum
1044 3655 1076 3709 et
1095 3646 1163 3710 ire.

52 3759 169 3844 quenti
199 3755 413 3821 confessorum
444 3752 560 3818 sudore
579 3762 798 3837 recuperatam
819 3751 997 3817 Christianis
1019 3755 1159 3818 restitue·

51 3877 126 3940 rat,
159 3865 302 3939 luxuria,
333 3862 483 3935 avaritia,
516 3860 661 3946 superbio
691 3859 884 3944 eaeterisque
915 3859 994 3924 vitiis
1024 3863 1158 3944 plurima

50 3984 291 4059 perpetrantes,
316 3969 472 4034 suscitarit
492 3969 536 4030 eis
557 3967 710 4032 Dominus
730 3968 814 4030 Iesus
835 3965 1045 4034 adversarium
1067 3967 1159 4031 Sala·

51 4081 169 4146 diuum
200 4077 323 4163 Aegipti
356 4086 387 4141 et
410 4076 504 4140 totius
524 4074 615 4139 Asiae
636 4074 821 4147 dominum,
856 4074 909 4137 oui
930 4074 1067 4138 resistere
1087 4094 1157 4141 non

52 4188 202 4256 valebant
235 4185 343 4254 divina
377 4203 439 4268 ope
459 4181 608 4248 destituti.
653 4180 715 4262 Qui
735 4199 824 4245 anno
846 4179 973 4244 Domini
994 4181 1159 4250 mclxxxvii
