2916 5150
312 469 372 532 134
747 469 965 536 WORPERI

309 637 433 701 dericus
464 655 569 701 comes
598 635 788 724 hollandiae
817 648 848 702 et
877 636 953 702 Otto
985 655 1091 703 comes
1112 636 1232 702 Gelriac
1255 654 1332 700 cum
1355 657 1416 722 po·

223 787 225 790 -
257 753 259 758 '
309 746 409 808 tentia
450 745 603 808 intrantes
645 744 821 811 Traiectum
852 747 962 831 singuli
992 744 1138 828 precibus
1167 755 1199 809 et
1231 747 1325 810 minis
1358 747 1417 812 sibi

309 873 468 938 quemque
499 833 666 918 studebant
694 855 850 919 attrahere
881 854 1119 939 capitularium,
1153 863 1189 916 ut
1210 853 1254 918 sic
1276 854 1416 940 quiaque

306 981 368 1045 pro
397 981 455 1024 suo
487 958 616 1025 arbitrio
647 981 686 1024 ac
717 971 793 1026 voto
813 960 943 1027 haberet
964 962 1157 1046 episcopum.
1201 961 1416 1030 Theodericus

307 1069 390 1132 enim
434 1089 538 1133 comes
582 1069 769 1134 llollandiae
799 1072 921 1155 rogavit
953 1092 1013 1155 pro
1046 1072 1181 1135 domiuo
1213 1071 1414 1138 Theoderico

305 1178 487 1261 praeposito
518 1179 548 1240 in
581 1197 724 1254 summo,
758 1177 854 1243 fratre
886 1178 1062 1245 ttatdewint
1083 1180 1221 1263 episcopi
1243 1181 1411 1255 defuncti,

307 1285 359 1349 cui
391 1307 465 1369 pars
498 1286 628 1370 capituli
659 1287 888 1352 canonicorum
917 1295 948 1349 et
981 1305 1092 1349 omnes
1126 1286 1303 1350 cis·Isalani
1325 1309 1413 1352 con·

306 1405 482 1459 senserunt.
527 1395 594 1458 Alia
627 1415 699 1478 pars
729 1396 962 1459 canonicorum
992 1393 1036 1456 ad
1064 1394 1249 1458 instantiam
1282 1394 1413 1460 Ottonis

307 1503 430 1566 comitis
467 1503 587 1566 Gelriae
625 1504 715 1588 elegit
745 1503 911 1566 dominum
943 1500 1117 1565 Arnoldum
1151 1500 1190 1566 de
1220 1501 1411 1569 Yseuborch

304 1610 518 1691 praepositum
551 1610 826 1684 Darentrienscm,
870 1609 921 1672 cui
955 1607 1167 1672 ultra-lsalani
1199 1607 1411 1674 adhaeserunt

305 1734 423 1778 omnes.
467 1719 608 1780 Audiens
641 1718 719 1781 haec
752 1717 905 1781 Heuricus
936 1725 1039 1780 sextus
1059 1715 1230 1799 imperator
1252 1720 1410 1782 commisit

304 1822 499 1888 Theoderico
531 1825 637 1887 comiti
669 1825 853 1888 Hollundiae
875 1824 1177 1888 administrationem
1201 1827 1409 1908 temporalem

302 1931 436 1995 diocesis
462 1931 686 2009 Traiectensis‚
719 1942 751 1995 et
783 1932 866 1995 iussit
888 1932 1003 1996 electos
1023 1941 1175 2016 utrosque
1195 1931 1337 1997 Romam
1360 1956 1409 1998 as·

303 2039 455 2112 cendere,
493 2048 524 2102 et
553 2059 682 2104 causam
712 2038 890 2104 discordiae
911 2061 929 2103 a
952 2039 1107 2106 Romano
1127 2040 1282 2124 pontifice
1302 2041 1408 2106 deter-

301 2148 429 2215 minari.
472 2149 567 2231 Quod
600 2159 632 2212 et
660 2149 782 2214 lactum
814 2160 879 2212 est:
911 2169 988 2212 nam
1018 2149 1175 2213 Arnoldus
1196 2150 1410 2214 confirmatus

301 2264 346 2317 est
378 2257 549 2320 tricesimus
579 2257 744 2341 episcopus
774 2257 994 2320 Traiecteuses.
1036 2256 1100 2320 Sed
1131 2257 1242 2339 paucis
1262 2258 1408 2343 interpo-

300 2361 364 2424 sitis
384 2361 493 2425 diebus
522 2373 664 2425 mortuus
683 2374 729 2426 est
749 2363 910 2426 Arnoldus
930 2373 961 2426 et
983 2363 1106 2428 Rornae
1127 2365 1272 2448 sepultus.
1318 2342 1409 2432 'Tunc

299 2467 383 2530 idem
413 2487 552 2532 summus
571 2470 715 2552 pontifex
738 2470 942 2534 confirmavit
962 2482 994 2535 et
1015 2473 1213 2537 consecravit
1233 2473 1408 2538 Theoderi-

299 2595 373 2638 cum
393 2577 608 2660 praepositum
629 2578 845 2658 supradictum
867 2579 1056 2643 tricesimum
1065 2581 1201 2665 primum
1217 2582 1405 2668 episcopum

298 2683 547 2760 Traieetensem,
580 2686 637 2770 qui
666 2696 697 2750 et
725 2687 792 2771 ipse
822 2686 898 2750 dum
920 2688 963 2752 ad
984 2708 1072 2752 auam
1093 2702 1278 2773 properaret
1298 2693 1406 2756 eccle·

297 2793 375 2857 siam
415 2795 450 2856 in
494 2795 544 2858 via
576 2794 644 2857 lato
674 2797 842 2860 concessit.
895 2795 1028 2860 Interim
1058 2797 1135 2860 dum
1167 2796 1246 2861 haec
1276 2797 1406 2864 Romae

297 2912 483 2988 agerentur,
506 2901 714 2965 Theodericus
735 2923 840 2966 comes
862 2897 1300 2994 hollandiaexadministravit
1322 2916 1404 2971 tem·

295 3008 437 3090 poralem
467 3007 712 3072 iurisdictionem
741 3011 890 3074 ecclesiae
911 3012 1117 3078 Traiectcnsis
1138 3025 1169 3080 et
1191 3013 1345 3078 habitavit
1367 3016 1403 3078 in

296 3126 400 3179 cestro
430 3117 533 3180 llorst.
577 3117 638 3180 Sed
671 3117 826 3181 industria
847 3116 974 3182 Ottonis
995 3122 1117 3186 comitis
1137 3121 1259 3186 Gelriae
1280 3123 1403 3188 lactum

295 3232 356 3300 est,
391 3224 481 3308 quod
515 3244 621 3288 comes
653 3225 841 3289 hollandiae
862 3247 975 3310 parum
996 3230 1037 3291 de
1058 3227 1230 3292 redditibus
1250 3231 1403 3296 ecclesiae

293 3333 419 3397 levaret.
451 3331 563 3397 Comes
583 3332 669 3394 enim
689 3332 809 3396 Getriae
831 3343 922 3398 antea
944 3355 1067 3418 semper
1086 3337 1205 3401 foverat
1227 3337 1403 3402 Trentones

292 3449 408 3504 contra
451 3439 673 3505 Baldewinum
715 3439 898 3524 episcopum
941 3452 972 3504 et
1007 3443 1155 3507 comitem
1190 3444 1399 3523 llollandiae,

291 3545 390 3634 tiuare
410 3569 495 3612 nunc
516 3569 581 3612 non
600 3549 804 3631 incepta‚sed
826 3560 921 3616 aucta
942 3561 987 3614 est
1008 3551 1260 3618 inimicitiainter
1272 3559 1403 3633 comites

290 3657 466 3737 praelatos,
491 3656 613 3740 fuitque
633 3653 748 3720 bellum
768 3657 946 3725 interillos.
977 3659 1065 3725 Tunc
1087 3660 1218 3745 quidam
1236 3660 1403 3728 Gelriensis

289 3761 392 3825 dictus
414 3762 567 3825 Henricus
587 3762 697 3825 Kraen
718 3774 836 3826 coacto
855 3766 993 3830 exercitu
1015 3767 1169 3854 ingressus
1189 3779 1235 3832 est
1254 3767 1402 3835 Orienta-

289 3871 349 3934 lem
367 3869 493 3932 Frisium
514 3869 666 3934 incendia
687 3878 718 3934 el
739 3871 865 3956 rapinas
884 3875 998 3938 multas
1017 3875 1148 3941 faciens.
1180 3875 1237 3942 Cui
1252 3877 1402 3942 dominus

286 3979 471 4043 Wilhelmus
492 3999 566 4043 cum
586 3980 647 4042 suis
668 3999 837 4045 occurrens
857 3983 1048 4060 Frisonibus,
1074 3969 1146 4052 eum
1166 3985 1270 4071 patria
1284 3985 1401 4070 expulit

287 4085 457 4150 interfectis
489 4085 592 4150 multis
613 4085 653 4150 de
674 4087 739 4151 eius
760 4090 908 4158 exercitu.
952 4092 1026 4158 Post
1051 4094 1113 4159 hoc
1135 4094 1321 4159 Wilhelmus
1342 4093 1402 4157 do·

285 4189 389 4253 minus
421 4193 533 4259 Frisiae
564 4196 695 4277 perrexit
719 4197 760 4260 ed
786 4197 913 4264 fratrem
935 4220 1024 4265 suurn
1047 4202 1193 4268 comitem
1216 4202 1400 4270 hollandiae
