2916 5150
311 445 370 510 180
749 439 970 506 WORPEIlI

307 614 387 676 rium
421 634 516 698 agens
546 622 576 677 et
599 611 780 677 violentiam
799 611 940 684 faciens,
973 630 1075 694 poena
1098 608 1206 696 viginti
1227 628 1412 673 marcarum

309 744 327 785 a
348 722 505 787 iudicibus
525 721 690 807 puniatur.

623 829 769 894 Decimus
790 837 891 892 sextus
912 827 1078 892 Articulus.
1122 859 1123 862 ¹

350 941 469 1003 Omnes
494 937 665 1003 sententias
694 937 895 1012 diffinitivas,
927 919 1011 1021 (puae
1033 937 1127 1022 vulgo
1165 933 1300 1000 lerdbnn
1323 955 1413 998 nun·

309 1058 479 1133 cupantur,
502 1045 718 1111 inviolabiliter
739 1044 900 1108 statuimus
921 1043 1092 1120 observari,
1117 1044 1173 1108 uisi
1194 1064 1251 1127 per
1271 1041 1412 1117 iudices,

306 1176 498 1222 successores
518 1164 549 1220 et
571 1165 710 1241 quatuor
732 1154 861 1218 clericos
882 1154 1023 1218 meliores
1044 1164 1074 1216 et
1092 1152 1249 1218 doctiores
1263 1161 1294 1215 et
1310 1172 1412 1214 unum

306 1266 482 1351 praelatum
504 1264 663 1327 districtus
684 1262 763 1326 illius
785 1263 960 1327 necessario
991 1273 1022 1327 et
1044 1263 1233 1327 necessitatis
1253 1259 1412 1325 evidentia

307 1373 388 1438 iusto
408 1369 518 1437 tamen
541 1372 640 1436 modo
661 1370 778 1434 luerint
801 1371 1075 1438 transmutandae.

616 1480 759 1545 Decimus
778 1481 925 1565 septimus
945 1479 1113 1548 Articulus.

349 1592 382 1655 st
413 1592 484 1678 quis
516 1589 855 1654 autem'homicidium
888 1599 959 1674 post
980 1589 1242 1674 compositionem
1263 1599 1294 1653 et
1315 1609 1412 1653 oscu-

307 1701 372 1763 lum
403 1701 491 1784 pacis
510 1699 754 1785 perpetraverit,
789 1721 808 1762 a
829 1699 934 1783 patria
955 1718 1088 1783 suaper
1110 1718 1229 1762 annum
1249 1699 1412 1784 proscrip-

306 1820 356 1874 tus
376 1807 525 1884 maneat,
545 1829 663 1893 papam
684 1819 715 1871 et
738 1828 808 1870 non
831 1808 927 1871 alium
949 1809 1049 1873 visitet
1071 1809 1288 1874 absolvendus.
1333 1806 1412 1874 Cas·

307 1931 389 1983 trum
411 1928 531 1994 autem,
555 1917 579 1981 si
600 1917 690 2001 quod
712 1915 838 1990 hebeat,
854 1916 1046 1994 destruatur,
1067 1918 1181 1983 domus
1200 1939 1274 1986 vero
1295 1919 1411 2004 lignea,
1456 1899 1457 1906 ἵ

306 2049 405 2113 quam
426 2026 557 2103 babuit,
580 2025 739 2089 sententio
761 2025 900 2090 iudicum
920 2024 1107 2111 publicetur.

614 2135 757 2200 Decimus
778 2143 908 2201 octavus
929 2136 1095 2201 Articulus.

348 2246 560 2310 Mutilationes
590 2243 802 2308 membrorum
834 2243 1020 2309 notabilium
1042 2266 1079 2308 ex
1101 2246 1324 2332 indignatione
1343 2249 1413 2311 lac·

307 2365 376 2429 tae,
410 2365 520 2438 utpote
550 2353 736 2424 oculorum,
770 2352 907 2436 pedum,
932 2374 1105 2429 manuum,
1128 2357 1214 2430 nasi,
1238 2356 1287 2420 vel
1305 2355 1412 2421 labio·
1457 2406 1458 2411 η

305 2484 396 2536 rum,
421 2463 596 2546 puniantur
616 2461 695 2525 sicut
716 2460 756 2524 de
778 2459 953 2525 homicidiis
973 2473 1017 2525 est
1038 2464 1252 2546 praemissum.
1457 2452 1458 2457 ἵ

620 2570 772 2660 „Decimus
793 2591 899 2634 nonus
919 2572 1084 2637 articulus.

347 2675 583 2762 Conspiratores
617 2688 731 2743 contra
762 2679 988 2764 rempublicam
1018 2691 1049 2744 et
1080 2682 1296 2747 ordinationes
1315 2705 1414 2769 prae·

306 2787 406 2851 dictas
426 2809 532 2872 poena
554 2787 664 2872 viginti
686 2809 866 2853 marcarum
887 2791 1082 2873 puniantur3
1103 2803 1137 2854 'et
1159 2792 1415 2876 conspirationes

304 2897 480 2961 eorundem
501 2896 558 2958 sub
579 2897 690 2960 eadem
711 2917 817 2980 poena
839 2899 1048 2982 praecipimus
1068 2901 1193 2983 penitus
1213 2900 1350 2970 aboleri.

685 3003 856 3070 Vicesimus
877 3007 1040 3074 Articulus.

347 3113 469 3177 Fratres
502 3113 623 3177 ordinis
643 3113 898 3198 praedicatorum
919 3127 950 3179 et
972 3117 1092 3181 ordinis
1110 3119 1269 3183 minorum
1290 3129 1322 3183 et
1348 3121 1415 3185 fra·

303 3233 364 3285 tres
385 3222 425 3285 de
446 3221 586 3300 Stauris,
608 3222 782 3287 dummodo
804 3223 954 3289 discretos
978 3226 1086 3308 (fratre
1105 3226 1260 3311 Folperdo
1281 3231 1413 3312 penitus

302 3333 441 3416 excluso)
474 3333 630 3405 miserint,
654 3332 818 3397 admittere
839 3333 1033 3398 decrevimus
1054 3347 1084 3398 et
1106 3337 1267 3400 statuimus
1289 3339 1328 3402 ad
1351 3361 1411 3423 pe·
1457 3338 1458 3355 ¹

302 3442 453 3515 tendum,
477 3437 538 3506 neo
561 3441 638 3504 alios
660 3441 852 3505 admittimus
874 3443 934 3506 nisi
956 3446 1114 3529 completa
1136 3447 1289 3530 petitione
1309 3468 1409 3532 prae·
1457 3526 1458 3529 Ἴ

301 3553 470 3616 dictorum.

479 3660 648 3726 Vicesimus
667 3661 785 3744 primus
803 3662 973 3728 'Articulua
1016 3664 1061 3728 lle
1081 3675 1223 3731 moneta.
1457 3750 1458 3753 Ἴ

340 3768 385 3832 lle
412 3777 564 3844 moneta,
598 3768 796 3833 Turonenses
825 3781 856 3833 et
878 3771 919 3834 de
939 3773 1052 3858 Anglia
1084 3774 1258 3859 sterlingos,
1283 3785 1316 3840 et
1340 3777 1410 3842 Mo·
1456 3781 1457 3812 ³

297 3869 498 3944 naslerienses
518 3899 571 3940 seu
593 3877 887 3963 Osnabruggenses,
912 3879 1132 3959 Lovanenses,
1157 3883 1406 3970 Dordracenses,
1456 3869 1457 3914 ³

297 3991 458 4054 Hallenses
483 4000 514 4052 ct
536 3985 701 4072 Coplrinos
722 3999 886 4073 argenteos
907 4001 938 4054 et
957 3992 1128 4067 rotundos,
1163 3993 1273 4056 milites
1297 3993 1409 4080 (vulgo

296 4097 441 4181 ridders),
475 4107 505 4162 et
538 4097 679 4163 volucres
715 4097 820 4183 (vulgo
841 4099 988 4185 fliegers),
1023 4102 1171 4168 denarios
1191 4102 1408 4180 admittimus,

297 4205 480 4272 Turonense
511 4229 571 4292 pro
604 4217 747 4294 quatuor
767 4209 1063 4277 lllonasteriensibus
1085 4213 1131 4280 vel
1152 4211 1409 4300 Osnabruggsn·
