2950 5144
294 473 339 542 4⁰
743 469 965 537 WOBPERI

293 641 466 728 principari
505 640 634 726 quidem
676 639 853 704 secundum
892 658 1011 725 genus,
1053 648 1085 703 et
1115 635 1193 702 nihil
1223 653 1315 720 agere
1347 635 1402 700 rel
1466 711 1467 714 Ἴ

293 750 481 834 disponere,
514 769 611 835 qrrem
640 746 893 813 irrationabiliter
913 747 1005 813 edere
1028 757 1059 811 el
1080 745 1206 819 bibere,
1239 741 1404 828 domique
1466 801 1467 838 3

294 857 428 934 morari,
462 857 599 922 calendis
630 874 705 921 vero
738 854 811 919 Maii
829 855 1007 938 praesidere
1026 875 1137 919 coram
1159 862 1225 916 tota
1245 859 1340 936 gente
1360 851 1399 914 in

293 963 441 1049 publico,
469 973 501 1028 et
522 964 657 1028 salutare
677 971 708 1026 et
729 962 876 1037 salutari,
912 963 1063 1048 obsequia
1083 971 1114 1026 et
1134 961 1226 1025 dona
1247 955 1400 1044 accipere

294 1081 326 1136 et
356 1070 548 1156 rependere,
585 1081 615 1135 et
636 1072 681 1134 sie
701 1089 807 1134 secum
829 1090 928 1155 usque
950 1070 993 1134 ad
1014 1071 1110 1134 alium
1131 1069 1247 1133 lllainm
1266 1088 1399 1152 perma-

294 1199 382 1244 nere.
423 1179 484 1242 Iste
504 1179 613 1264 itaque
632 1188 678 1242 est
706 1178 878 1262 Pippinus,
911 1177 968 1263 qui
999 1177 1097 1241 Frisiis
1129 1198 1169 1241 ac
1198 1197 1310 1254 eorum
1328 1176 1398 1260 regi

293 1285 459 1352 Radbodo
480 1285 561 1349 belln
584 1285 710 1361 intulit,
734 1293 768 1348 ut
789 1305 843 1350 eos
863 1304 931 1348 non
953 1293 1018 1348 tam
1037 1303 1112 1348 suae
1133 1283 1268 1359 ditioni,
1292 1303 1396 1369 quam

294 1391 488 1457 Christianae
499 1391 641 1476 religioni
662 1391 838 1456 subiiceret.
868 1391 930 1456 Iste
950 1391 1204 1456 etiamsanotum
1217 1389 1396 1456 Willibror·

294 1498 371 1563 dum
403 1518 477 1562 oum
506 1498 567 1562 suis
597 1499 687 1562 sociis
716 1499 822 1582 primo
855 1498 896 1562 ad
918 1499 1029 1562 Frisios
1049 1495 1181 1573 direxit,
1215 1507 1250 1560 ut
1270 1517 1326 1562 eos
1348 1497 1393 1562 ad

294 1605 510 1689 cognitionem
530 1625 621 1670 verae
641 1604 716 1668 fidei
736 1605 959 1689 praedicando
979 1606 1175 1690 perduceret.

335 1713 478 1776 Mortuus
504 1721 550 1776 est
579 1721 685 1776 autem
715 1712 867 1798 Pippinus
899 1713 940 1778 de
958 1715 1114 1778 llarstallo
1134 1713 1287 1799 gloriosus
1307 1713 1400 1796 prin·

295 1841 369 1905 ocps
399 1839 491 1883 anno
521 1820 648 1883 Domini
678 1819 819 1904 riifxiiii,
853 1833 885 1885 et
914 1821 1062 1887 Carolum
1094 1822 1272 1911 Martellunr
1292 1821 1394 1886 filium

294 1947 386 1992 suum
424 1948 463 1991 ex
493 1926 634 2012 Alparda
665 1929 776 2012 pellice
803 1940 914 1994 natum
945 1931 1125 2014 praeferens
1155 1929 1296 2015 legitimis
1322 1928 1398 1992 filiis

293 2035 420 2121 reliquit
451 2037 594 2100 omnium
624 2036 863 2119 principa-tuum
892 2057 1021 2101 suorum
1042 2036 1219 2108 haeredem.
1263 2036 1398 2102 Carolus

293 2144 471 2219 Marullus,
505 2143 679 2228 illegitimus
710 2144 837 2228 Pippini
856 2143 958 2217 filius,
991 2145 1092 2208 lactus
1112 2153 1158 2208 est
1177 2155 1249 2228 post
1268 2155 1397 2229 patrem

294 2260 426 2338 quartus
447 2249 638 2314 Brabantiae
660 2251 725 2314 dux
745 2261 776 2315 et
796 2252 898 2315 maior
919 2251 1032 2315 domus
1052 2251 1216 2316 Franciae.
1245 2250 1309 2332 Qui
1318 2271 1397 2316 mox

294 2371 440 2443 suscepto
471 2359 651 2441 principatu
685 2368 832 2422 aestuans
852 2359 1027 2424 infidelium
1049 2359 1091 2424 ad
1113 2361 1176 2424 veri
1198 2360 1254 2424 Dei
1275 2363 1398 2426 cultum

295 2467 546 2539 conversionem,
579 2486 689 2530 omnes
710 2467 830 2532 circum
851 2478 956 2552 gentes
978 2469 1020 2532 ad
1041 2466 1250 2534 Christianam
1271 2471 1396 2556 religio·

294 2595 370 2639 nem
380 2574 555 2658 perducere
575 2573 662 2638 baud
673 2575 869 2640 infructuose
889 2577 1050 2660 disposuit.
1084 2578 1122 2640 Et
1133 2579 1236 2661 primo
1248 2579 1398 2643 omnium

294 2704 369 2749 cnm
391 2681 570 2746 Frisonibus
590 2703 795 2768 congressus,
819 2694 918 2769 atque
936 2685 1093 2769 Poppone
1111 2687 1262 2750 exercitus
1283 2707 1400 2752 eorum
1466 2687 1467 2690 ’

294 2794 377 2858 duce
396 2793 578 2867 interiecto,
615 2792 813 2856 Radbodum
846 2814 950 2878 regem
980 2793 1023 2859 ad
1042 2794 1272 2880 suscipiendam
1293 2794 1401 2860 fidem

294 2901 457 2984 compulit.
492 2897 612 2962 Deinde
622 2899 717 2962 ermis
726 2899 871 2985 subiugat
882 2900 1044 2978 Saxones,
1058 2902 1295 2988 devincensque
1307 2903 1399 2968 Len·

292 3009 416 3072 fredum
436 3007 686 3071 Alemannorum
708 3007 824 3072 ducem
838 3009 1062 3075 Alemanniam
1082 3011 1139 3076 sibi
1159 3012 1234 3078 iecit
1256 3013 1408 3098 vestiga&

292 3117 366 3180 lem.
399 3115 505 3179 Suevis
524 3135 654 3202 quoqne
674 3115 855 3192 debellatis,
879 3117 1046 3183 Eudonem
1066 3121 1258 3205 Aquitaniae
1278 3121 1400 3186 durem

292 3223 377 3286 bello
397 3222 513 3287 victum
533 3222 637 3309 fugat,
662 3233 693 3288 et
703 3225 906 3309 Aquitaniam
928 3226 1080 3293 devastat.
1122 3229 1197 3292 Post
1217 3228 1298 3293 baec
1320 3229 1399 3293 Sar·

292 3329 414 3395 roconis
434 3329 565 3394 Galliam
580 3331 825 3416 populantibus,
853 3333 1062 3418 ecclesiasque
1082 3335 1138 3398 uei
1158 3337 1396 3412 cremantibus,

293 3437 422 3503 Carolus
433 3438 487 3502 Dei
507 3439 603 3502 fretus
625 3439 740 3505 auxilio
760 3450 898 3504 armatus
919 3442 1074 3518 occurrit,
1087 3451 1118 3505 et
1139 3463 1178 3508 ex
1199 3443 1243 3506 eis
1264 3445 1398 3510 ccclxxv

291 3548 377 3612 milia
407 3566 482 3612 oum
511 3567 569 3610 sno
599 3568 671 3634 rege
701 3547 875 3613 Abdiramo
906 3550 1048 3632 peremit.
1104 3551 1275 3636 Nunquam
1309 3553 1396 3616 enim

292 3655 478 3742 pugnabat,
510 3656 587 3739 quin
618 3654 774 3720 vincebat.
820 3655 916 3721 Cuius
937 3656 1053 3722 crebris
1074 3659 1210 3724 victoriis
1231 3669 1263 3724 et
1285 3662 1400 3746 inertia

189 3761 192 3765 ’
290 3763 438 3828 Hilderioi
478 3762 525 3824 sui
565 3763 644 3847 regis
682 3765 798 3826 Franci
840 3765 919 3828 moti
962 3765 1144 3830 obtulerunt
1176 3769 1206 3833 ei
1236 3789 1399 3835 coronam

291 3871 378 3958 regni
408 3869 615 3936 Francorum.
659 3870 722 3950 Qui
755 3889 892 3936 renuens
917 3872 978 3936 ait:
1023 3874 1192 3938 Gloriosius
1223 3887 1269 3940 est
1292 3899 1399 3963 regem

290 3999 455 4067 superare,
491 3998 589 4064 quam
618 3998 721 4063 regem
755 3997 829 4045 esse.
872 3979 950 4044 Cum
980 4001 1055 4066 ergo
1076 3981 1128 4047 bio
1148 3981 1401 4050 bellicosissimus

290 4088 439 4173 prinecps
469 4085 647 4152 assiduitate
677 4085 830 4152 bellorum
861 4088 984 4154 vidisset
1016 4089 1195 4156 thesaurum
1225 4094 1318 4177 regni
1341 4094 1401 4158 de·

290 4195 415 4272 fecisse,
440 4217 488 4260 res
507 4195 743 4274 ecclesiasticas,
763 4196 796 4260 id
817 4205 862 4262 est
884 4197 1040 4277 decimes,
1064 4200 1125 4264 suis
1146 4199 1294 4266 militibus
1317 4223 1401 4268 con·
1466 4251 1467 4302 l
