2950 5144
18 501 20 570 ἰ
482 465 732 530 cuaotttcort.
1114 467 1156 532 bb

33 635 106 697 mia
139 632 375 709 maculaverat,
408 633 574 718 episcopos
605 633 760 718 deposuit.
803 633 908 720 Atque
940 636 1025 699 inter
1056 634 1154 700 multa

18 729 278 824 irelormationis
310 751 397 816 acta,
420 741 626 828 llaguntinae
646 741 779 806 civitatis
798 742 983 828 episeopum
1003 743 1151 828 privarit.

35 851 123 914 duas
156 848 262 913 eidem
293 849 446 915 abiiciens
477 870 600 914 causas
652 849 776 925 Prima,
810 851 886 936 quia
919 849 1155 918 interfectorem

18 963 19 972 ’
38 959 141 1044 patris
159 957 356 1044 Lingeroldi.
369 958 508 1022 eiusdem
528 957 608 1022 sedis
627 959 776 1042 episcopi,
792 958 825 1022 in
847 957 1032 1026 bellantium
1053 961 1155 1028 Suo·

39 1089 121 1132 num
167 1088 208 1131 ac
241 1067 450 1154 Turingorum
481 1068 701 1153 congressione
732 1087 832 1132 manu
864 1089 921 1132 sua
954 1069 989 1134 in
1024 1069 1155 1135 Wesara

39 1176 143 1242 fluvio
164 1176 316 1260 peremit,
348 1197 390 1241 en
411 1187 554 1262 tempore
574 1176 711 1262 qraandn
731 1175 988 1242 Garnlomannus
1008 1177 1155 1263 princeps

41 1285 204 1368 Turingos
235 1306 255 1348 a
286 1284 448 1350 Saxonum
478 1285 646 1350 obsidione
677 1283 840 1358 liberarit,
871 1285 1052 1350 aedictum
1072 1286 1155 1371 epia·

18 1405 168 1482 tcopum
198 1413 301 1456 secum
332 1413 461 1478 pergere
491 1394 709 1478 praecepisset.
753 1392 905 1458 &cunda
936 1413 1034 1458 causa
1063 1402 1153 1468 erat.

40 1501 123 1586 quia
160 1501 296 1584 propriis
337 1500 437 1566 oculis
466 1501 679 1585 conspexisset
709 1521 782 1566 eum
815 1521 888 1566 cum
921 1499 1030 1566 aribus
1052 1500 1154 1564 'cani-

41 1609 170 1694 busque
200 1608 381 1685 ludentem,
413 1610 504 1694 quad
538 1610 690 1695 episcopa
709 1609 840 1674 minime
860 1610 1065 1684 conveniret.
1090 1629 1153 1674 nec

42 1719 206 1783 ullatenus
235 1717 356 1786 liceret.
398 1718 435 1782 lit
455 1717 610 1802 quoniam
631 1718 713 1783 tanti
736 1717 791 1782 riri
812 1717 932 1783 iudicio
953 1717 1153 1784 recalcitrare

43 1847 112 1892 non
143 1825 259 1900 valuit,
290 1845 369 1890 suae
400 1825 592 1910 depodtioui
623 1826 793 1892 consensit.
836 1826 909 1908 Quo
941 1826 1029 1892 iacto
1056 1846 1153 1892 sanc·

43 1944 95 1998 tus
128 1933 317 1998 Bonilacius
356 1932 458 1998 eidem
496 1933 563 1998 aedi
593 1934 777 2018 praeficitur
808 1955 827 1998 a
861 1933 1013 2000 Zacharia
1044 1953 1149 2019 papa.

41 2041 213 2128 agentibus
244 2040 486 2106 carolomanno
516 2048 547 2103 et
580 2040 646 2104 eius
666 2041 762 2105 fratre
783 2040 922 2124 Pippino
944 2041 1151 2126 principibus.

18 2129 106 2233 ¹Qui
137 2151 212 2215 licet
234 2149 356 2212 dudum
376 2147 631 2232 archiepiscopus
659 2147 770 2224 luerit,
806 2157 913 2211 tamen
943 2157 1073 2232 propter
1103 2148 1151 2213 la·

44 2259 207 2323 boriosam
239 2255 325 2322 verbi
369 2257 425 2321 Dei
467 2255 740 2342 praedicationem
781 2264 812 2318 et
855 2253 1016 2318 difficilem
1058 2255 1152 2320 totius

18 2365 239 2446 Germaniae
270 2365 489 2430 reductionem
523 2365 567 2428 ad
598 2363 789 2430 catholicam
819 2363 937 2441 fidem,
978 2384 1078 2450 usque
1108 2364 1150 2430 ad

42 2474 107 2540 hoc
147 2486 272 2559 tempus
311 2473 417 2538 oedern
447 2473 506 2538 sibi
549 2473 762 2559 episcopalem
804 2493 872 2537 non
917 2473 1149 2539 vendicaverat.

43 2583 95 2648 Ob
140 2583 231 2648 cuius
273 2582 460 2668 dignitatem
499 2592 531 2646 et
573 2582 731 2648 excellens
773 2582 939 2656 meritum,
984 2580 1151 2648 Zacharias

41 2715 130 2780 papa
161 2692 379 2776 Mogontiam,
415 2710 501 2778 quae
522 2689 675 2756 hactenus
705 2689 793 2753 alteri
813 2687 953 2752 nrbiecta
974 2689 1075 2754 fuerat
1096 2711 1150 2754 ec·

40 2805 176 2877 clesiae,
220 2801 316 2866 totius
346 2799 536 2865 Germaniae
563 2797 764 2884 metropolim
795 2792 977 2870 constituit,
1018 2805 1053 2857 ot
1081 2798 1150 2880 pte·

18 2909 119 2990 {nius
149 2910 183 2974 in
212 2908 384 2974 Zachariae
414 2929 519 2994 papae
549 2907 634 2974 bulla
656 2905 851 2972 continetur.
894 2904 1060 2986 Quantum
1091 2925 1150 2967 au·

18 3005 110 3088 'tem
141 3040 179 3084 ex
213 3029 292 3084 tunc
320 3016 373 3082 hic
402 3017 508 3082 bonus
527 3027 637 3102 pastor
659 3016 768 3081 divina
788 3016 956 3100 plantare,
990 3013 1149 3078 diabolica

39 3129 234 3213 exstirpare,
270 3126 439 3192 aedificare
471 3125 651 3200 coenobia,
686 3124 823 3189 fundare
852 3122 999 3188 ecclesias
1031 3143 1148 3209 coepe·

39 3239 104 3314 rit,
140 3246 300 3322 quantam
331 3237 426 3300 etiam
459 3234 604 3298 omnium
634 3231 783 3298 ecclesiae
813 3232 969 3305 filiorum,
1004 3252 1146 3316 praeser-

39 3347 96 3412 tim
118 3365 204 3433 quns
223 3344 290 3428 ipse
308 3365 365 3428 per
395 3343 587 3428 evangelium
618 3342 744 3429 genuit,
778 3341 1013 3406 solicitudinem
1044 3362 1147 3434 gesse·

40 3458 97 3535 rit,
142 3454 231 3520 brevi
271 3473 417 3518 sermone
444 3453 595 3538 explicari
623 3472 694 3516 non
726 3459 840 3535 potest.
883 3449 962 3512 Nam
992 3448 1143 3535 Gregorio

39 3589 126 3653 papa
158 3563 254 3633 tertio
275 3571 351 3628 teste
371 3563 405 3626 in
426 3560 569 3648 quadam
590 3559 793 3644 epistolarum
813 3574 955 3630 suarum,
990 3556 1040 3618 xvi
1060 3557 1144 3640 epis·

40 3685 176 3760 capatus
206 3672 252 3736 sui
285 3691 393 3746 anno,
425 3669 465 3734 de
496 3667 684 3734 Germaniae
715 3664 878 3750 gentibus,
913 3664 1050 3747 exceptis
1078 3664 1142 3730 Ba·

39 3785 144 3856 varis,
180 3781 220 3844 ad
253 3789 382 3845 centum
414 3779 500 3842 milia
534 3777 698 3841 hominum
731 3774 853 3838 animas
885 3772 925 3838 de
955 3773 1142 3858 paganismo

39 3895 80 3958 ad
118 3888 310 3956 catholicam
352 3887 449 3950 iidem
488 3906 527 3948 ac
557 3895 689 3950 sanctae
720 3882 827 3946 matris
857 3883 1006 3946 ecclesiae
1036 3882 1141 3944 sinum

40 3999 211 4068 convertit.
267 3996 353 4078 Quot
396 4013 471 4080 ergo
519 3993 552 4054 in
598 3991 746 4065 bavaria,
797 4001 877 4073 quot
924 3990 955 4050 in
1004 4008 1140 4073 sequen-

40 4110 121 4175 tibus
165 4105 276 4192 viginti
322 4105 417 4169 annis
460 4101 635 4172 convertit.
679 4099 749 4182 quis
778 4095 959 4160 enarrabit?
1000 4097 1140 4162 Audiens

39 4217 155 4283 deinde
198 4234 288 4278 anno
327 4213 448 4278 Domini
490 4211 628 4312 viifxxxv
669 4215 801 4270 mortem
834 4203 1015 4268 sanctissimi
1039 4207 1140 4271 Willi-

994 4315 1015 4376 5
