2950 5144
303 492 342 556 lt
723 486 949 552 WORPERI

291 671 378 722 'num
400 647 472 724 cuni
492 657 628 724 exercitu
650 656 691 723 ad
712 653 937 722 destruendam
958 652 1214 738 lherosolymam.
1245 650 1284 715 llt
1295 649 1347 714 lib.
1358 671 1399 714 xx

301 768 425 832 'lucitus
461 766 560 841 dicit,
605 765 715 830 frisios
744 761 1002 828 transrhenanam
1034 781 1098 824 esse
1129 768 1275 845 gentem.
1320 778 1398 844 quos

301 875 466 940 adiunctos
508 871 745 938 Caninefntibus
784 872 854 956 ipso
894 870 1068 954 imperante
1110 866 1303 952 vespesiano
1333 885 1399 930 me·

300 990 405 1046 morat
434 979 595 1046 rebellasse
625 978 795 1045 Romanis.
835 977 875 1042 Et
905 976 968 1042 hoo
996 985 1068 1042 ante
1102 983 1230 1060 captam
1257 975 1399 1039 lheroso-

276 1092 419 1176 ‘lymam
449 1097 480 1152 et
512 1077 735 1171 dispersionem
765 1083 968 1150 ludaeorum.
1010 1084 1056 1150 Ex
1086 1083 1131 1147 bis
1162 1083 1281 1168 liquido
1312 1083 1399 1147 colli·

302 1199 403 1285 gitur,
436 1195 579 1260 Frisones
611 1193 667 1258 diu
699 1201 775 1258 aute
797 1202 940 1276 tempora
960 1192 1020 1258 Titi
1040 1201 1139 1278 alque
1161 1190 1401 1256 destructionem

302 1303 523 1389 lherosoymse
544 1310 576 1365 et
598 1301 690 1364 armis
709 1310 741 1364 et
760 1299 876 1367 viribus
897 1300 1062 1375 claruisse,
1093 1309 1125 1364 et
1147 1309 1273 1376 terram,
1298 1320 1401 1384 wem

302 1431 394 1476 nuno
413 1410 576 1485 incolunt.
608 1406 790 1493 possedisse.
831 1406 966 1493 Insuper
985 1417 1016 1471 et
1038 1407 1114 1472 illud
1135 1409 1229 1472 etiam
1249 1427 1287 1470 ex
1309 1427 1402 1490 prce·

303 1518 395 1584 dictis
434 1515 615 1580 auctoribus
645 1512 800 1599 probetur
831 1534 896 1580 esse
927 1515 1059 1590 salsum,
1104 1516 1194 1601 quod
1225 1515 1403 1601 praedictus

303 1621 528 1690 Carthusieusis
557 1631 590 1688 et
621 1620 753 1708 quidem
775 1621 829 1688 alii
848 1621 976 1698 dieunt,
998 1624 1141 1690 Frisones
1166 1643 1284 1710 semper
1304 1644 1403 1710 usque

305 1731 348 1798 ad
379 1743 524 1815 tempora
544 1730 648 1797 Caroli
668 1730 777 1815 magni
798 1729 857 1794 sub
877 1731 963 1817 gravi
984 1732 1091 1799 vixisse
1110 1734 1272 1810 servitute,
1292 1742 1324 1796 et
1342 1751 1403 1797 nee

306 1839 400 1906 ermis
429 1859 490 1902 nec
529 1836 616 1904 bellis
646 1847 776 1923 propter
806 1838 921 1904 duram
952 1849 983 1903 et
1015 1838 1198 1904 diuturnam
1229 1841 1403 1906 servitutem

305 1947 398 2024 luisse
429 1957 520 2032 aptos
551 1956 606 2009 sut
639 1955 787 2010 assuetos,
838 1943 871 2009 si
902 1945 984 2010 enim
1017 1955 1082 2011 tam
1111 1946 1246 2013 imbelles
1277 1958 1405 2034 tamque
1471 1995 1472 2004 ,

308 2054 447 2141 despecti
467 2054 596 2120 fluissent
616 2055 774 2131 Frisones‚
799 2053 988 2140 quomodo,
1011 2076 1112 2143 rogo,
1133 2067 1197 2122 tam
1218 2076 1309 2142 saepe
1328 2056 1404 2123 rici·

308 2183 367 2228 uss
387 2165 625 2250 impugnassent
654 2163 803 2228 nationes
823 2173 855 2227 et
875 2162 1052 2239 Romanis,
1074 2165 1132 2249 qui
1154 2173 1223 2229 toto
1244 2174 1323 2230 tuno
1341 2165 1406 2231 lere

306 2272 557 2341 dominabantur
576 2268 646 2336 orbi
666 2269 783 2336 bellum
804 2270 920 2336 inferre
940 2271 1121 2337 audissent?

418 2727 478 2785 lte
495 2724 837 2786 menotense
853 2724 1006 2786 histee
1025 2727 1067 2786 et
1082 2693 1298 2790 nuatione

601 2820 799 2880 nonnum
814 2819 1118 2892 promam.

781 3018 870 3088 clu.
891 3021 946 3089 tv.

352 3235 438 3299 Friso
457 3233 550 3318 igitur
570 3235 689 3318 primns
709 3237 811 3338 gentis
830 3238 945 3305 Frisine
964 3240 1136 3319 conditor,
1160 3263 1178 3306 e
1198 3261 1264 3328 quo
1292 3251 1324 3306 et
1347 3261 1408 3316 uo·
1465 3266 1468 3313 t

1470 2088 1473 2126 l

1469 2282 1473 2315 l

310 3363 386 3407 men
407 3351 439 3405 et
459 3361 560 3427 genus
592 3352 774 3421 traxerunt,
806 3347 931 3412 sortitus
966 3349 1014 3431 (ut
1036 3348 1158 3415 dictum
1179 3349 1237 3433 est)
1258 3348 1405 3425 Frisium,
1472 3402 1474 3425 ,

309 3449 411 3517 divisit
432 3469 503 3516 eam
531 3449 566 3512 in
596 3461 714 3537 septem
738 3463 843 3538 partes
864 3465 982 3540 septem
1001 3457 1072 3522 filiis
1092 3460 1174 3534 suis,
1205 3478 1286 3544 ques
1304 3467 1406 3543 partes

310 3558 478 3626 Zelnndias
504 3559 685 3645 appellarit.
728 3562 835 3628 Prima
855 3584 932 3647 ergo
954 3565 1105 3632 zelandia
1126 3567 1184 3632 fuit
1205 3565 1406 3632 occidentalis

308 3668 421 3742 Fusio,
455 3687 540 3752 quae
571 3678 616 3731 est
648 3667 691 3732 ad
724 3670 926 3738 occidentem
955 3672 1038 3740 Flevi
1057 3673 1215 3750 fluminis,
1239 3695 1293 3739 seu
1313 3674 1404 3739 maris
1468 3726 1475 3751 p

308 3773 539 3852 meridionalis,
563 3775 706 3842 videlicet
726 3777 942 3857 lledenblick‚
966 3781 1096 3860 lloorn‚
1121 3784 1266 3871 Wiring‚
1288 3781 1399 3857 Tessel.

307 3893 371 3950 eto.
404 3903 504 3968 usque
534 3883 745 3968 Egmondam.
787 3886 938 3954 &cunda
967 3901 1012 3956 est
1041 3892 1208 3977 Westergo
1244 3892 1403 3958 astauria
1467 3920 1474 3939 ¹·

308 4013 409 4079 usque
440 3991 660 4068 Lewardiem‚
693 4013 771 4058 nam
804 3995 847 4059 ibi
869 4018 955 4063 mere
975 4000 1237 4068 mediterraneum
1255 4004 1334 4068 solet
1355 4003 1402 4065 in·
1465 4058 1475 4081 ,,

308 4100 416 4166 fluere.
458 4098 561 4166 Tertia
592 4109 636 4165 est
667 4097 855 4190 Oestergoe‚
886 4127 972 4194 quae
1003 4110 1114 4196 incipit
1136 4111 1178 4176 ab
1198 4115 1278 4178 Aula
1301 4111 1403 4177 ocio
1465 4092 1475 4179 ᾗ

308 4207 411 4273 tendit
421 4229 522 4294 uque
537 4209 682 4278 laricem
701 4211 847 4294 flurium,
860 4216 916 4300 qut
932 4217 1026 4306 vulgo
1041 4219 1092 4288 die
1106 4220 1267 4292 lauwees
1281 4221 1399 4296 dicitur,
1463 4309 1467 4320 Ι
