2916 5150
484 451 731 520 cttltorttcort.
1087 459 1146 528 179

43 619 160 693 titerit,
185 628 216 682 et
240 618 318 684 stine
338 621 457 687 insuise
478 623 591 689 tuerint
611 623 646 686 in
668 623 859 688 adiutorium
880 634 1051 702 esocttse,
1074 626 1144 694 cui·

39 726 116 791 tibet
148 727 271 791 insulse
304 728 442 794 venienti
472 732 508 797 in
539 752 679 817 poenam
709 751 783 797 sune
814 731 991 800 rebellionis
1011 746 1141 804 centum

40 857 167 902 murcos
186 837 303 902 solvere
325 847 477 905 teneatur.

441 948 548 1014 Nonus
576 949 742 1015 Articuius.

81 1054 283 1142 Quicumque
312 1056 406 1122 iudex
436 1059 596 1146 negligens
626 1059 675 1124 vel
696 1060 804 1124 iniuste
826 1059 973 1127 indicens
994 1061 1141 1128 inventus

39 1164 131 1230 merit
152 1165 186 1228 in
209 1165 315 1252 viginti
336 1187 459 1233 marces
478 1168 643 1254 punietur.

434 1276 577 1342 Decimus
598 1275 765 1342 Articuins.

79 1382 120 1447 Ut
151 1403 216 1468 per
247 1381 282 1445 in
314 1395 500 1470 perpetuum
532 1385 731 1460 observetur,
774 1382 894 1450 indices
935 1386 993 1452 sub
1031 1407 1139 1473 poeno

38 1491 161 1576 periurii
193 1491 410 1560 discordantes
442 1494 484 1559 od
504 1515 617 1581 psoem
647 1494 798 1560 studeant
820 1514 985 1573 revocure,
1018 1497 1139 1563 diuen-

39 1602 139 1667 n'ones
160 1610 192 1666 et
213 1603 280 1666 lites
300 1603 359 1668 rite
379 1603 634 1670 determinando.

403 1712 595 1778 Undecimus
615 1713 784 1778 Artiouius.

76 1819 280 1904 Quicumque
312 1820 427 1886 inicum
460 1821 615 1888 occiderit
647 1823 683 1887 in
715 1823 893 1909 septupium
923 1822 1079 1892 iudicibus
1106 1833 1138 1888 et
1258 1823 1261 1830 '

38 1927 200 1994 heredibus
239 1931 496 2008 condemnetur,
537 1934 751 1998 mutilationes
794 1956 869 2000 vero
912 1945 943 2002 et
984 1935 1138 2002 iussiones
1173 1953 1176 1962 ⁴

37 2037 247 2104 membrorum
268 2039 364 2105 etiem
384 2040 420 2104 in
440 2041 618 2124 septuplum
638 2041 826 2126 punientur.

388 2149 600 2214 Duodecimus
617 2149 783 2218 Articuius.

75 2257 251 2322 Homicidia
283 2277 356 2326 sero
390 2267 421 2323 et
451 2258 603 2323 laesiones
624 2279 677 2322 seu
697 2257 829 2323 iniuriae
849 2257 930 2323 stine
949 2256 1135 2324 clericorum

0 2364 1 2369 ’
33 2365 65 2428 in
94 2366 233 2452 decnpto
263 2387 390 2453 poeno,
423 2367 600 2433 dummodo
631 2367 665 2432 in
695 2367 790 2433 sacris
810 2367 927 2434 inerint
947 2367 1131 2443 constituti,

1 2549 2 2562 2
31 2473 166 2561 legitime
186 2478 372 2562 puniuntur.

1 2577 2 2596 ¹
356 2584 501 2651 Decimus
522 2585 629 2650 tertius
651 2585 816 2652 Articulus.

1 2677 2 2680 ¹
67 2693 274 2779 Quicumque
305 2714 438 2779 puerum
471 2693 644 2758 musculum
678 2691 725 2757 vel
757 2691 931 2758 foeminam
953 2695 1036 2759 inire
1056 2696 1132 2782 legi·

24 2803 120 2868 timos
162 2823 268 2868 annos
309 2805 351 2870 od
383 2801 642 2869 contrahendum
675 2800 831 2886 acceperit
864 2802 912 2866 vei
945 2800 1127 2880 tradiderit,

22 2914 93 2978 sine
137 2912 216 2976 scitu
259 2912 368 2976 tutoris
399 2922 429 2976 et
460 2909 657 2996 proximioris
688 2906 826 2986 heredis,
862 2930 968 2994 poeno
1000 2920 1131 2978 centum

20 3042 207 3086 morcarum
238 3021 391 3105 puniatur
421 3030 453 3086 et
485 3041 617 3105 puerum
647 3019 810 3094 restituat,
844 3029 875 3084 et
907 3019 1008 3086 eidem
1027 3043 1128 3108 puero

19 3129 199 3196 secundum
230 3130 398 3215 antiquum
427 3129 540 3197 witker
571 3137 602 3191 et
634 3147 734 3192 noves
768 3128 1009 3196 constitutiones
1040 3132 1127 3198 sotis·

24 3240 134 3306 faciut.

334 3346 480 3412 Decimus
500 3356 632 3432 quartus
652 3346 818 3413 Articulus.

60 3460 198 3524 Praedia
229 3457 365 3523 emendo
394 3458 442 3519 vel
472 3457 645 3521 vendenda
674 3455 793 3521 cedant
825 3456 891 3520 viro
914 3457 960 3519 sel
980 3456 1119 3532 mulieri,

21 3590 38 3640 o
71 3570 163 3635 cuins
193 3565 334 3654 patribus
368 3565 414 3631 vei
446 3564 508 3630 evis
538 3562 767 3647 processerint,
803 3562 861 3626 nisi
895 3562 972 3627 nlius
992 3584 1064 3628 eum
1085 3565 1119 3628 in

18 3677 297 3764 consanguinitate
316 3672 485 3760 praecellat
507 3673 690 3757 proximior.

328 3783 470 3848 Decimus
490 3781 621 3868 quintus
642 3779 808 3847 Articuius.

56 3896 261 3961 Successores
310 3891 520 3958 hereditatum
570 3911 777 3977 quocumque
817 3887 917 3954 modo
957 3890 1118 3956 evenerint

18 4006 163 4091 proximo
204 4001 379 4069 secundum
410 4001 492 4085 leges
523 4008 554 4062 et
584 4018 727 4063 canones
771 3996 886 4062 cedant
926 3998 1115 4076 successori,

18 4117 74 4181 nisi
107 4112 272 4180 discedens
304 4132 377 4176 cum
409 4108 542 4174 consilio
571 4108 700 4173 rectoris
732 4107 766 4170 in
797 4105 906 4171 ultimo
927 4114 1116 4174 testamento

16 4224 103 4290 aliter
133 4221 257 4288 duxerit
288 4218 516 4286 ordinandum.
559 4216 801 4303 'transgrediens
833 4224 887 4279 eut
917 4214 952 4277 in
984 4226 1116 4284 contra.

976 4334 992 4367 s
