2916 5150
501 501 751 568 cunontcon.
1120 501 1180 568 lb7

77 687 276 753 congregans
323 676 352 730 et
385 688 507 734 vocans
538 670 580 734 ad
611 690 643 733 se
673 671 708 732 iu
742 670 895 736 civitatem
928 669 1181 754 Groningensem

75 775 157 841 viros
180 775 373 868 prudentes,
396 777 461 842 fide
482 777 618 862 dignos,
641 779 739 842 multa
761 780 899 863 vigentes
919 779 1092 851 memoria,
1116 778 1180 842 cle·

0 928 1 935 κ
75 885 159 948 ricos
189 893 221 946 et
251 884 367 956 laicos,
383 961 386 968 Ι
402 885 457 968 qui
489 885 574 950 laeta
607 888 849 970 episcoporum,
884 907 966 970 quos
997 886 1054 970 ipsi
1086 885 1181 968 plene

76 1001 252 1066 noverant,
275 991 332 1055 sibi
353 1004 533 1069 narrarent,
559 997 694 1059 maxime
715 995 756 1060 de
777 995 982 1080 Groningen,
1005 994 1047 1058 de
1067 995 1180 1058 Trenta

0 1108 1 1113 ’
76 1109 104 1164 et
138 1098 306 1164 Covordia.
352 1099 398 1164 Eo
429 1101 565 1166 maxime
585 1108 742 1187 quoniam
762 1103 828 1186 ipse
850 1113 926 1168 tuuc
949 1112 1060 1166 contra
1080 1101 1181 1164 Tren·

75 1218 163 1272 tenes
196 1218 226 1270 et
248 1207 475 1273 Corordienses
495 1229 570 1274 cum
591 1210 658 1293 ipsa
681 1211 806 1276 civitate
827 1210 1036 1294 Groningenei
1057 1220 1089 1273 et
1111 1219 1179 1272 tota

73 1337 149 1378 suae
181 1315 314 1379 diocesis
345 1317 458 1392 Frisia,
502 1318 558 1403 qni
599 1317 655 1381 eibi
687 1318 864 1384 fidelissime
897 1319 1078 1390 astiterunt,
1123 1339 1180 1400 per

74 1425 201 1508 aliquot
232 1445 334 1488 annos
365 1427 451 1509 gravi
480 1423 563 1490 bello
594 1425 771 1493 laborabat.
815 1427 931 1490 Audita
962 1426 1129 1490 occasione
1150 1434 1181 1490 et

72 1532 271 1618 primordiali
302 1532 425 1617 origine
457 1534 552 1596 totius
583 1534 657 1596 msli
682 1533 736 1617 (de
756 1555 822 1618 qua
844 1534 941 1599 habes
961 1555 1055 1618 supra
1077 1533 1182 1614 capite

73 1641 184 1725 nono)
217 1641 304 1704 venit
335 1641 368 1704 in
398 1640 526 1704 Frisium
556 1642 733 1725 episcopus.
777 1642 815 1705 Et
847 1643 923 1726 quia
945 1652 1026 1706 terra
1048 1642 1184 1706 'fronto-

73 1770 151 1812 num
172 1747 352 1812 immediate
373 1746 497 1810 duabus
518 1748 718 1831 expertibus
740 1749 877 1835 iungitur
898 1759 998 1814 terrae
1018 1749 1183 1812 Frisonum

75 1857 210 1920 diocesis
231 1855 452 1928 Traiectensis,
486 1854 667 1938 praedictus
688 1857 853 1940 episcopus
875 1856 1068 1920 Wibraudus
1091 1855 1186 1937 (deut

75 1964 194 2028 dicitur
222 1964 258 2026 in
292 1961 353 2026 vita
386 1961 568 2026 venerabilis
598 1962 721 2025 domini
754 1963 925 2040 Sibrandi,
960 1964 1036 2028 sexti
1063 1962 1185 2029 abbatis

74 2072 166 2136 Horti
200 2071 313 2136 beatae
334 2071 450 2134 Mariae
473 2069 615 2153 virginis,
650 2070 739 2133 unde
760 2069 841 2136 haec
863 2081 1075 2154 transsumpta
1097 2071 1181 2155 sunt)

74 2191 190 2266 tripete
211 2181 257 2244 vir
277 2179 414 2263 prudeus
434 2188 465 2242 et
486 2177 625 2240 literatus
647 2198 687 2241 ac
708 2177 825 2242 multae
846 2177 1064 2262 eloquentiae,
1080 2178 1185 2261 coepit

77 2309 149 2354 cnm
172 2288 319 2373 praelatis
340 2287 452 2350 Frisiae
474 2294 629 2362 tractare,
653 2284 788 2370 qualiter
807 2285 969 2370 negotium
990 2306 1080 2349 suum
1101 2307 1184 2352 con·

76 2409 123 2461 tra
149 2398 328 2461 Trentones
350 2395 545 2459 utilissimum
566 2393 682 2459 valeret
704 2390 817 2458 babere
838 2393 996 2458 ellectum.
1039 2394 1184 2475 Quorum

3 2524 4 2531 ¹
76 2507 210 2594 quidam
241 2525 301 2590 pro
324 2503 557 2587 compositione
578 2502 722 2586 primitus
742 2500 956 2564 laborandum
978 2511 1183 2570 censuerunt.

74 2617 135 2680 Alii
171 2625 274 2679 autem
307 2634 326 2677 e
357 2622 471 2676 contra
514 2618 585 2694 post
615 2611 734 2673 iactum
765 2609 939 2682 nefarium,
975 2607 1113 2675 hostibus
1145 2614 1181 2678 in

73 2723 250 2807 pertinacia
281 2719 487 2793 durantibus,
521 2727 551 2780 et
585 2715 675 2800 quasi
706 2715 747 2778 de
773 2715 862 2778 iacto
883 2714 1095 2798 gaudentibus
1116 2739 1183 2784 non

73 2854 132 2916 pro
170 2828 402 2913 compositione
435 2825 668 2900 laborandum,
715 2823 771 2888 sed
801 2824 903 2889 crucis
931 2823 1183 2907 praedicationi,

0 2959 1 2966 ¹
73 2940 267 3005 auctoritate
287 2936 428 3000 Romani
449 2935 607 3019 pontilicis
628 2933 779 3008 obtenta,
811 2933 990 2997 instandum
1010 2953 1074 2997 esse
1095 2932 1184 2999 dixe·

0 3085 4 3098 -
73 3058 170 3122 runt,
195 3057 231 3109 ut
252 3065 348 3110 eruce
369 3045 564 3128 signatorum
586 3042 719 3106 nomine
740 3042 865 3120 audito,
885 3062 918 3106 se
939 3051 969 3106 et
990 3063 1046 3106 sna
1066 3041 1185 3127 gratiae

72 3133 234 3239 episcopi*
249 3151 531 3224 commendarent,
567 3159 663 3234 atque
695 3150 938 3214 satisfactionem
968 3151 1182 3235 condignam,

72 3268 144 3349 ipso
176 3261 409 3347 poenitentiam
440 3259 619 3345 iniugente,
656 3259 804 3323 subirent.
860 3260 929 3323 lice
962 3260 1096 3323 consilio
1129 3281 1185 3325 ac·

73 3383 192 3458 cepto,
236 3367 469 3453 praedicationi
515 3386 611 3450 opera
644 3366 756 3442 datur,
798 3365 1096 3452 innumerabilisque
1124 3389 1185 3452 po·

72 3484 224 3566 pulcrum
257 3476 424 3540 multitudo
454 3475 606 3560 signatur.
650 3474 785 3537 Auditur
817 3473 900 3535 lama
931 3472 1108 3539 huiusmodi
1148 3478 1183 3540 in

72 3591 214 3661 Trenta,
272 3584 519 3649 contremiscunt
564 3581 807 3654 Covordienses,
862 3579 955 3642 timor
995 3590 1026 3643 et
1067 3592 1184 3646 tremor

71 3715 189 3762 omnes
222 3695 311 3757 simul
342 3691 485 3767 invadit,
527 3700 657 3776 propter
687 3688 921 3752 multitudinem
954 3708 1048 3754 eruce
1079 3690 1184 3776 signa·

72 3816 195 3868 torum.
248 3801 424 3884 Resumpto
457 3810 564 3863 tamen
596 3798 706 3883 spiritu
736 3797 909 3862 Trentoues
939 3806 1076 3863 tractare
1108 3819 1184 3863 coe·

72 3921 209 3996 parunt,
251 3930 318 3994 quo
350 3909 438 3972 iacto
469 3927 548 3991 opus
579 3916 667 3970 esset.
713 3905 832 3969 Incidit
863 3905 945 3968 forte
977 3907 1011 3968 in
1045 3914 1183 3967 mentem

74 4020 207 4086 alicuius
235 4038 345 4082 eorum
375 4015 452 4080 illud
483 4014 629 4098 sapientis
663 4012 806 4077 dictum:
850 4013 978 4076 Munera
1008 4021 1184 4076 excoecant

73 4130 186 4193 oculos
218 4127 313 4191 etiam
342 4123 558 4209 prudentium.
602 4121 687 4184 Inito
717 4140 793 4205 ergo
830 4121 983 4195 consilio,
1008 4141 1185 4206 congrega·
1265 4208 1268 4215 Ι

73 4247 173 4322 taque
205 4235 365 4320 mannia,
400 4233 521 4317 aliquos
553 4229 728 4296 amicorum
758 4247 810 4291 seu
837 4227 1036 4295 familiarium
1057 4251 1184 4296 suorum
