2916 5150
293 471 355 538 tau
729 467 951 536 Woupnltl

292 636 350 702 sub
371 636 502 702 Urbano
523 657 607 721 papa
629 638 721 704 tertio
741 647 773 702 et
794 635 960 702 Frederico
987 637 1177 722 imperatore
1198 638 1303 722 primo
1327 652 1403 724 post

290 746 460 810 maximam
509 743 760 810 Christianorum
803 755 939 830 stragem
982 743 1220 808 lherosolimam
1264 750 1400 833 recepit.

289 855 393 935 Quam
427 853 583 917 civitatem
614 864 686 937 post
716 851 910 918 Gudlredum
940 850 1103 917 Christiani
1124 873 1212 938 reges
1232 864 1263 918 et
1284 857 1401 941 populi

291 982 347 1047 per
376 971 453 1025 octo
474 969 505 1024 et
527 962 691 1045 octoginta
714 980 818 1024 annos
839 961 957 1044 ingenti
979 960 1078 1045 gloria
1098 961 1316 1045 possederant.
1362 963 1402 1027 Et

291 1071 363 1135 licet
392 1068 572 1132 Fredericus
605 1069 795 1152 imperator,
827 1066 987 1150 Philippus
1008 1088 1062 1131 rex
1083 1067 1301 1145 Francorum,
1339 1070 1400 1134 lti-

291 1178 427 1243 ohardus
447 1195 500 1240 rex
520 1176 666 1262 angliae,
703 1197 765 1240 una
787 1197 862 1241 cum
882 1176 1039 1242 Clemente
1062 1177 1155 1240 tertio
1175 1197 1278 1262 papa,
1302 1179 1400 1244 nari·

292 1286 353 1351 bns
383 1283 557 1370 praemissis
587 1284 708 1369 Syriam
742 1305 816 1348 eum
849 1287 987 1350 exercitu
1020 1286 1083 1349 sint
1103 1285 1252 1372 ingressi,
1284 1298 1399 1352 tamen

293 1395 459 1460 Frederico
491 1393 680 1477 imperatore
710 1393 832 1477 primo,
879 1393 956 1456 dum
988 1394 1020 1456 in
1051 1392 1184 1458 flumine
1215 1394 1398 1469 lavaretur,

204 1537 208 1542 ·
290 1505 467 1576 submerso,
500 1499 671 1585 ceterisque
703 1499 844 1586 regibus,
878 1510 1048 1586 postquam
1079 1513 1195 1568 eontra
1215 1501 1401 1567 saladinum

293 1613 408 1676 bellum
440 1608 634 1694 aliquamdiu
653 1627 802 1692 prospere
822 1609 1004 1694 gessissent,
1028 1608 1069 1674 ad
1092 1613 1223 1696 propria
1245 1613 1397 1687 reversis,

185 1758 190 1769 ·
293 1718 457 1787 Christiani
477 1717 534 1801 qui
554 1716 587 1780 in
607 1715 696 1800 Syria
717 1725 952 1792 remanserant,
987 1717 1077 1782 omni
1099 1717 1238 1782 destituti
1259 1740 1336 1804 spe,
1368 1721 1400 1784 id

293 1829 449 1913 reliquum
479 1824 634 1898 dominii,
666 1822 757 1907 quod
788 1823 823 1886 in
846 1843 883 1886 ea
904 1825 1069 1908 provincia
1091 1826 1296 1910 possederant
1320 1831 1401 1894 emi·

292 1956 368 2000 sere.
411 1934 449 1998 Et
470 1933 514 1996 sie
542 1941 672 2015 propter
698 1939 832 2014 peccata
853 1932 1059 2016 multiplicata
1079 1935 1217 2020 populus
1237 1937 1403 2002 orientalis

292 2053 324 2108 et
357 2041 545 2106 iherusalem
565 2049 716 2104 venerunt
749 2041 783 2104 in
806 2041 1014 2125 opprobrium
1037 2042 1185 2106 omnibus
1205 2065 1263 2128 per
1284 2046 1402 2110 circui·

296 2162 375 2217 tum.
416 2151 522 2232 Quare
554 2147 760 2212 Innocentius
780 2168 867 2233 papa
888 2149 1014 2223 tertius,
1049 2151 1193 2215 orientali
1216 2172 1402 2236 eompassus

295 2259 463 2332 ecclesiae,
493 2256 727 2341 praedicatores
758 2255 860 2319 crucis
886 2276 942 2338 per
973 2277 1068 2340 regna
1098 2259 1179 2322 misit
1200 2260 1399 2336 occidentis,

295 2367 453 2432 orationes
481 2363 641 2447 generales
671 2362 825 2435 instituit,
868 2363 1036 2426 consilium
1067 2365 1198 2442 indixit,
1238 2371 1335 2453 quod
1366 2372 1401 2433 in
1456 2433 1457 2440 a

294 2472 497 2539 Lateranensi
527 2467 656 2532 basilica
687 2466 879 2543 celebravit,
915 2489 1004 2533 anno
1024 2471 1150 2537 Domini
1172 2495 1308 2552 macra,
1347 2477 1401 2542 ubi
1456 2495 1457 2558 j

293 2578 507 2666 principaliter
539 2576 723 2640 ordinatum
755 2574 856 2640 luerat
888 2575 929 2640 de
961 2577 1024 2653 his,
1057 2601 1141 2665 quae
1161 2581 1204 2646 ad
1224 2583 1401 2650 subsidium
1456 2561 1457 2570 ἵ

294 2691 406 2754 Terrae
426 2688 566 2752 Sanctae
586 2682 800 2769 pertinebant.
831 2684 993 2749 Terminus
1014 2690 1168 2772 generalis
1187 2694 1401 2775 expeditionis

293 2798 449 2884 praefixus
478 2804 564 2868 erat,
607 2793 691 2856 inira
723 2811 818 2875 quem
849 2792 932 2856 idem
962 2795 1108 2877 pontifex
1137 2797 1328 2866 obdormivit
1362 2806 1397 2866 io

293 2909 447 2980 domino.
481 2904 534 2968 eui
555 2901 710 2966 Honorius
731 2921 815 2985 papa
838 2904 944 2965 tertius
964 2906 1120 2970 successit.
1165 2905 1320 2972 Oliverius
1341 2931 1399 2974 au·

294 3026 357 3080 tem
386 3009 589 3076 scholasticus
618 3007 834 3082 coloniensis,
866 3019 975 3092 postea
1006 3011 1186 3077 Sabinensis
1206 3016 1397 3102 episcopus,

294 3120 435 3185 officium
464 3115 709 3203 praedicationis
745 3115 848 3181 crucis
878 3136 935 3199 per
956 3120 1150 3202 provinciam
1171 3123 1398 3192 Coloniensem

293 3230 447 3313 suscepit,
470 3238 502 3291 et
522 3227 636 3290 devote
656 3224 814 3309 implerit.
850 3234 881 3290 et
902 3225 937 3288 in
959 3227 1053 3292 Frisia
1076 3232 1180 3296 multis
1199 3234 1398 3316 praedicavit

292 3335 494 3423 temporibus.
538 3333 599 3414 Qui
621 3333 736 3416 etipse
758 3353 832 3396 cum
854 3335 984 3398 caeteris
1005 3357 1100 3402 cruce
1120 3339 1245 3423 signatis
1265 3362 1396 3408 crucem

291 3446 473 3532 assumpsit,
518 3452 549 3506 et
589 3439 669 3506 bella
712 3437 961 3504 Christianorum
995 3454 1108 3509 eontra
1141 3448 1282 3514 infideles
1312 3452 1396 3516 ultra

291 3577 395 3631 mare,
418 3572 501 3639 quae
522 3549 597 3650 vidit
618 3549 781 3614 luculento
802 3551 989 3637 conscripsit
1010 3554 1099 3632 stilo.
1125 3577 1163 3622 ex
1184 3559 1273 3624 cadus
1293 3561 1394 3646 scrip·

291 3666 328 3728 tis
348 3664 428 3727 haec
448 3661 587 3726 subiecta
609 3659 786 3722 summatim
806 3671 952 3745 excerpta
971 3673 1054 3730 sunt.
