2950 5144
325 481 369 546 m
760 477 982 546 Woarunr
1059 437 1064 447 ’

1467 541 1469 634 l

323 646 452 732 navigio
483 667 502 709 a
534 644 666 712 Colonia
699 648 734 711 in
767 646 942 723 Werdam‚
974 649 1104 733 stipatus
1134 647 1344 733 imperatoria
1365 669 1436 714 ma·
1467 719 1469 756 p

321 759 431 821 iestate
462 775 502 819 ac
534 765 658 820 sacrato
687 755 788 822 cboro
818 754 1026 820 cardinalium
1056 766 1088 820 et
1118 755 1433 842 archiepiscoporum
1468 756 1470 798 ¹

321 863 557 950 mutorumque
586 885 766 948 procerum.
810 863 866 929 Cui
899 874 1105 930 occurrerunt
1136 883 1238 950 usque
1268 863 1313 928 ad
1342 863 1433 932 ltne-

322 994 402 1037 uum
422 973 527 1038 devoti
547 973 656 1037 iratres
675 972 778 1037 sancti
794 969 962 1037 Swidberti
982 955 1266 1056 processionaliter,
1280 993 1356 1036 cum
1377 973 1433 1037 in·

321 1080 398 1145 colis
418 1079 556 1145 eiusdem
576 1080 687 1164 oppidi
709 1079 749 1143 de
769 1078 910 1154 Worda.
931 1079 1166 1146 introducentes
1185 1080 1287 1164 ipsum
1307 1101 1432 1166 papam

323 1209 397 1253 cum
436 1189 627 1272 imperatore
655 1198 685 1252 et
718 1188 849 1252 caeteris
878 1187 913 1251 in
945 1187 1077 1253 ecclesia
1108 1187 1212 1253 sancti
1244 1188 1430 1257 Swidberti.

323 1296 384 1361 Ubi
415 1296 500 1360 idem
532 1295 596 1358 Leo
627 1315 733 1379 papa,
774 1295 855 1358 lecta
884 1294 1077 1360 sanctissima
1108 1296 1173 1361 vita
1204 1295 1319 1381 ipsius,
1351 1317 1429 1361 cum

320 1403 480 1468 miraculis
511 1402 703 1477 innumeris,
736 1422 793 1485 per
822 1411 971 1467 sanctum
1000 1402 1207 1468 llarcelinum
1239 1406 1427 1469 consocium

319 1514 414 1596 ipsius
445 1510 648 1594 conscripta,
684 1510 725 1574 de
756 1529 883 1574 assensu
914 1510 1033 1594 pariter
1064 1520 1096 1574 et
1117 1531 1275 1576 consensu
1295 1533 1427 1579 monam

319 1618 525 1684 cardinalium
545 1626 807 1703 caeterorumque
834 1617 1049 1701 praelatorum
1080 1617 1199 1684 ibidem
1230 1623 1424 1700 astantium,

317 1727 421 1811 ipsum
442 1725 623 1789 solemniter
655 1724 882 1790 canonizando
914 1725 1063 1811 catalogo
1092 1736 1274 1792 sauctorum
1297 1732 1426 1796 confes-

316 1854 423 1900 sorum
462 1833 627 1916 asscripsit.
668 1830 879 1898 canonizavit
912 1841 1018 1896 autem
1047 1833 1151 1917 ipsum
1182 1836 1285 1920 pridie
1315 1858 1425 1906 nonas

317 1940 507 2027 Septembris
529 1959 619 2004 anno
651 1958 718 2024 quo
750 1959 855 2024 supra.
899 1939 991 2004 Cuius
1012 1940 1108 2006 vitam
1128 1953 1259 2008 sanctus
1278 1939 1426 2012 llarcali·

317 2070 378 2112 nus
408 2046 558 2133 presbiter
586 2047 651 2111 eius
683 2046 852 2112 consocius
881 2057 995 2131 rogatu
1025 2049 1125 2115 sancti
1145 2049 1287 2136 Gregorii
1320 2055 1421 2134 tertii,

316 2156 520 2221 Traiectensis
551 2154 709 2240 episcopi,
743 2155 883 2240 diligenti
915 2156 995 2241 stylo
1025 2159 1223 2243 conscripsit.
1277 2161 1342 2228 Sed
1375 2167 1423 2250 ip.

316 2266 377 2330 sius
407 2263 688 2329 canonizationem
718 2283 792 2326 cum
822 2264 979 2328 miraculis
1008 2275 1119 2348 postea
1149 2267 1240 2333 iactis
1257 2274 1424 2359 conscrip-

316 2373 354 2436 sit
387 2381 512 2436 sanctus
544 2370 704 2454 Lndgerus
746 2368 1032 2456 protbocpiscopus
1064 2375 1337 2456 llonasterieusis‚
1382 2384 1423 2448 ad

314 2478 499 2543 instantiam
530 2474 714 2542 venerabilis
733 2473 869 2540 Rixiridi
889 2478 1010 2562 septimi
1032 2483 1172 2566 episcopi
1192 2484 1419 2569 Traiectensim

315 2586 403 2652 unde
432 2585 527 2659 baec,
564 2603 647 2669 quae
678 2604 772 2669 snpra
805 2584 846 2648 de
879 2588 1129 2656 canonizatione
1149 2594 1259 2676 pomi,
1295 2609 1421 2685 mmpta

314 2706 399 2762 sunt.

347 3176 406 3232 De
424 3173 592 3230 caeteris
610 3173 727 3231 rocus
744 3179 871 3235 senet!
889 3177 1135 3241 willibrord!
1153 3188 1221 3256 qur
1238 3189 1369 3258 prino

422 3266 474 3323 eal
491 3264 648 3324 rualem
666 3277 754 3323 curn
771 3282 820 3325 eo
838 3275 1034 3330 venerunt
1050 3277 1092 3331 et
1109 3275 1159 3333 «lc
1174 3281 1304 3338 torte

538 3371 585 3414 ec
603 3359 803 3416 miraculis
820 3365 948 3420 sancti
965 3366 1181 3430 marcellus.

774 3560 862 3626 CAP.
885 3563 970 3631 XlV.

348 3772 459 3838 accho
494 3772 543 3855 (ut
573 3793 668 3858 supra
701 3773 821 3839 dictum
854 3775 912 3856 est)
943 3800 1015 3844 cum
1037 3794 1150 3850 sancto
1172 3787 1357 3856 Swidberto
1377 3797 1408 3858 in

229 3887 239 3895 '
306 3882 450 3971 Angliam
481 3878 606 3945 rediens
627 3901 646 3944 a
667 3891 782 3946 sancto
804 3883 953 3949 Wilirido
973 3889 1123 3976 episcopo
1143 3894 1411 3980 Augulstnldeusis

306 3992 455 4060 ecclesiae
475 3989 642 4075 episcopus
672 4003 877 4058 consecratus
906 4007 979 4080 post
1000 4001 1228 4069 sanctissimam
1255 4007 1354 4075 vitam
1375 4015 1408 4076 in

305 4103 444 4166 Domino
464 4096 591 4184 quievit.
634 4095 770 4163 Sanctus
792 4101 971 4187 Wigbertus
991 4105 1024 4168 iu
1043 4107 1236 4176 Foslilandia
1257 4121 1408 4204 martyrio

303 4211 362 4278 luit
389 4218 581 4282 coronatus,
616 4215 766 4291 utsupra
801 4210 921 4275 dictum
954 4224 1009 4280 est.
1053 4216 1186 4284 Sanetus
1208 4223 1408 4292 Willibaldus
