2916 5150
521 471 770 540 CHROMCON.
1135 481 1191 548 tot

1 627 2 658 ³
86 633 367 718 Nortmannorum
398 635 575 704 infidelium
607 643 831 724 irmptionem,
877 643 962 708 iuxta
995 647 1194 732 prophetiam

1 749 2 826 ξ
85 751 277 806 sanctorum
308 743 530 828 episcoporum
552 747 706 813 Fraderici
727 759 758 815 et
779 749 930 834 Ludgari,
966 751 1091 839 deque
1114 757 1216 826 libro.

86 851 234 935 sequenti
255 851 348 916 iatius
367 852 541 919 dicendum
562 858 630 922 erit.

130 1231 191 1300 lte
209 1241 419 1312 prophetia
436 1248 562 1304 sanott
579 1245 744 1398 ttdqllplrt
762 1252 998 1314 aamercort·
1016 1255 1153 1316 ttrtsn·

1 1339 2 1386 t
536 1351 632 1407 prae
676 1340 753 1396 cta.

525 1511 612 1578 cat.
635 1515 775 1582 XXXIV.

126 1702 270 1766 'Sanctus
299 1701 393 1786 igitur
423 1701 588 1790 Oduipbus
616 1727 636 1770 a
666 1705 762 1772 beato
791 1707 956 1772 Frederico
987 1710 1138 1795 episcopo
1164 1723 1197 1778 et

1 1817 2 1898 t
87 1819 231 1894 martyre
261 1829 322 1894 pro
351 1811 558 1878 instructione
586 1815 696 1900 popuii
717 1815 866 1880 Frbonici
888 1815 1032 1880 Stauriae
1050 1818 1195 1894 relictus,

1 1937 2 1962 ³
86 1929 125 1981 ut
158 1938 254 2003 supra
285 1919 425 2003 capitulo
455 1921 538 1984 xxxii
570 1920 691 1988 dictum
723 1933 787 1998 est,
822 1943 892 1988 non
915 1923 1055 1988 cessabat
1074 1927 1198 2011 pupulo

86 2027 147 2091 Dei
178 2025 309 2092 verbum
330 2028 412 2092 vitae
431 2028 636 2111 praedicare,
670 2031 898 2114 coelorumque
918 2052 1051 2116 regnum
1072 2033 1197 2097 instan-

86 2145 139 2199 ter
160 2134 381 2219 evangeiizare.
424 2133 580 2200 Omnibus
600 2136 686 2200 enim
707 2135 787 2200 sicut
807 2137 978 2219 providens
999 2137 1197 2222 dispensator

88 2243 194 2307 divini
225 2243 375 2307 sermonis
418 2242 561 2326 praebuit
604 2242 774 2318 alimenta,
819 2241 1002 2308 fortioribus
1043 2245 1194 2325 fortiora,

87 2351 320 2416 infirmioribus
366 2350 466 2434 (iuxta
511 2351 702 2436 apostolum)
745 2351 834 2417 iactis
875 2349 1016 2416 exhibuit
1057 2355 1202 2438 poculu-

73 2454 202 2544 'sioque
241 2477 315 2522 suaa
357 2457 527 2523 sanctitatis
566 2460 710 2543 exemplo
742 2457 877 2525 universi
906 2459 1050 2526 Frisones
1080 2481 1197 2546 magno

87 2566 202 2652 repleti
233 2576 308 2628 sunt
339 2565 469 2650 gaudio.
512 2565 591 2632 Cum
623 2568 686 2633 iam
707 2588 729 2630 a
748 2567 872 2632 Stauria
893 2566 1075 2634 destinasset
1096 2572 1206 2636 redire.

87 2675 289 2750 Traiectum,
313 2673 497 2758 priusquam
517 2673 576 2738 iter
597 2674 764 2757 arriperet,
796 2671 912 2738 accidit
933 2677 1102 2740 maximam
1122 2679 1197 2744 ittuo

89 2782 279 2848 convenisse
310 2781 470 2845 Frisnnum
503 2779 757 2854 multitudinem,
801 2789 960 2864 quatenus
991 2801 1048 2845 sua
1079 2783 1204 2848 salubri.

88 2891 269 2954 muniretur
300 2887 531 2953 admonitione.
575 2887 663 2969 Quos
689 2887 827 2953 Domino
848 2888 1077 2954 commendans
1096 2889 1196 2954 bene·

88 2999 192 3074 dixit,
214 3008 247 3062 et
270 3017 312 3061 ne
331 2997 415 3062 viam
436 2997 589 3071 veritatis,
624 3017 723 3081 quam
742 3017 834 3062 nunc
855 2995 1029 3064 didicerant
1050 3018 1194 3085 unquam

88 3107 271 3172 desererent
292 3105 474 3180 admonuit,
508 3125 606 3190 quarn
637 3105 768 3178 iterum,
800 3107 864 3168 sina
884 3106 971 3189 gravi
994 3105 1104 3172 divina-
1123 3109 1194 3173 vin·

89 3215 176 3280 dicta
205 3223 346 3298 repetere
375 3213 516 3277 valerent
546 3211 685 3276 minime.
729 3211 866 3277 Sanctus
896 3213 1005 3298 itaque
1038 3215 1102 3290 vir,
1138 3219 1194 3304 qui

86 3323 192 3386 futura
225 3319 414 3404 prophetico
445 3318 598 3404 praevidit
630 3318 757 3402 spiritu,
793 3318 894 3384 eidem
924 3323 1046 3405 populo
1077 3326 1203 3390 astanti⁴

1 3433 2 3462 ³
88 3431 175 3496 aliud
206 3448 346 3510 magnac
377 3424 595 3490 admirationis
627 3425 824 3510 praesagium
852 3426 1018 3511 praedixit.
1062 3429 1194 3492 Cernitis

1 3547 2 3574 ³
89 3539 221 3624 (inquit)
244 3535 332 3599 hanc
353 3542 496 3618 petram3
518 3533 628 3616 'digito
650 3533 691 3596 ais
711 3553 780 3594 non
802 3531 947 3597 modicae
968 3533 1194 3617 magnitudinis

1 3673 3 3698 ι
91 3655 214 3730 petram
252 3652 327 3708 ante
358 3641 452 3726 ipsius
484 3640 633 3708 ecciesiae
665 3641 796 3704 ianuam
827 3639 981 3704 iacentem
1011 3643 1192 3710 ostendens.

1 3779 2 3822 ς
91 3755 210 3820 Scitote
245 3749 374 3838 (inquit)
408 3751 498 3836 quod
529 3751 597 3815 sine
630 3749 771 3814 humano
804 3749 912 3815 labore
945 3751 1126 3816 devolvetur
1157 3755 1191 3816 in

89 3862 231 3939 flumen,
264 3861 354 3946 quod
387 3859 494 3924 Flavus
525 3859 641 3923 dicitur
675 3859 781 3944 (vulgo
803 3853 836 3922 ’'t
858 3859 932 3942 ttie)
955 3860 1064 3946 ibique
1084 3862 1191 3926 latebit

1 3991 2 4006 ³
88 3971 149 4035 snb
179 3970 297 4045 undis,
330 3968 484 4055 quamdiu
514 3967 641 4031 divinae
670 3971 759 4053 pacis
790 3969 943 4034 carebitis.
987 3969 1065 4034 Cum
1087 3979 1191 4033 autem

1 4087 2 4149 i
89 4079 230 4145 videritis
260 4078 395 4144 eandem
427 4078 546 4163 absque
576 4075 712 4140 humana
744 4076 946 4142 subvectione
978 4077 1066 4139 buius
1095 4077 1192 4142 lituris

1 4195 2 4256 3
92 4209 184 4251 oram
206 4186 329 4264 subire,
362 4187 474 4271 procul
507 4184 604 4250 dubio
635 4184 786 4250 croditote
817 4205 931 4268 corpus
962 4205 1084 4264 meum,
1120 4188 1191 4250 licet
