2950 5144
1 85 3 141 l

1 227 2 294 l

1 539 2 606 l

508 463 754 534 canonicor.
1135 469 1178 536 ot

1 608 2 614 ἵ
62 630 258 720 hnptiaandi
288 632 481 720 adiuvarent.
524 633 562 698 lit
593 654 664 699 non
696 635 795 702 solum
826 655 882 722 per
908 634 1035 699 Frisium
1054 633 1182 719 praedi·

1 781 2 806 r
67 751 225 810 caverunt
248 750 280 806 et
300 740 554 829 Lothoringiam,
586 742 641 808 sed
659 763 760 830 uque
780 745 822 810 ad
842 743 973 810 llaciam
987 742 1031 827 (⁸)
1053 742 1181 827 praedi·

1 809 2 894 d
54 850 184 918 *cando
220 847 376 934 populum
408 858 577 935 purgatum
608 871 629 914 a
649 850 816 918 barbarica
836 851 1014 940 gentilitatis
1034 850 1180 916 idolatria

1 997 2 1000 π
69 959 277 1028 orthodoxae
309 957 481 1023 iunxerunt
501 957 585 1025 fidei.
630 957 772 1046 Cumque
791 961 837 1026 sic
856 980 914 1046 per
933 959 1055 1046 aliquot
1075 979 1182 1024 annos

69 1070 235 1134 ferventes
265 1066 438 1152 evangelici
471 1067 638 1152 pontifices
669 1077 699 1132 et
721 1066 806 1135 rerbi
827 1067 883 1132 llei
902 1087 1078 1153 praecones
1097 1087 1181 1133 oon·

70 1177 160 1240 tinne
191 1176 228 1238 in
251 1175 376 1240 dirersis
396 1175 585 1260 provinciis,
617 1174 772 1241 Christum
792 1176 1044 1261 praedicassent,
1078 1173 1181 1239 redie-

70 1295 155 1348 runt
187 1303 262 1348 cum
283 1282 493 1348 exsultatione
514 1281 690 1348 Traiectum
713 1283 757 1347 ad
780 1283 953 1350 confratres
973 1293 1004 1347 et
1025 1302 1182 1366 coopera-

76 1404 169 1458 tores
200 1391 281 1457 verbi
302 1391 357 1456 llei
388 1400 587 1456 enutrientes
615 1390 690 1466 illis,
723 1401 843 1477 quanta
865 1389 1018 1454 Dominus
1038 1409 1095 1475 per
1115 1390 1184 1452 illos

76 1501 214 1568 iecisset.

77 1938 139 1994 De
167 1935 299 2005 puna
323 1931 469 2001 synodo
491 1932 664 1991 preteeti
681 1932 907 2004 eelehrata,
931 1935 975 1991 et
991 1933 1040 1990 de
1057 1931 1183 1990 uerte

96 2029 230 2088 uncti
248 2025 494 2084 Willlhrordt
510 2027 627 2096 prr-r
643 2024 929 2096 erenteptsenpr
946 2025 1163 2086 mnu.

544 2224 633 2290 cat.
654 2223 724 2287 ΧΠ.

1 2427 24 2476 ’“
116 2447 250 2513 Deinde
287 2444 484 2508 advertentes
509 2441 642 2525 praelati
673 2440 777 2504 sancti
809 2437 978 2524 pontifices
1009 2447 1041 2502 et
1072 2437 1185 2525 egregii

1 2571 2 2640 g
74 2556 336 2642 praedicatores,
369 2550 426 2635 qui
458 2569 531 2614 cum
562 2549 598 2612 iis
618 2569 657 2612 ex
676 2546 790 2631 Anglia
812 2552 966 2612 venerunt
988 2543 1184 2624 Traiectum,

1 2659 2 2698 l
76 2662 174 2750 quod
194 2661 312 2724 mullus
331 2657 482 2743 populus,
505 2656 567 2720 deo
585 2663 802 2739 prosperante,
815 2652 857 2715 ah
867 2651 1061 2717 infidelitatis
1081 2676 1187 2720 errore

1 2761 2 2802 ³
74 2774 119 2838 ad
142 2770 303 2838 Christum
335 2787 500 2833 conversus
531 2774 629 2837 esset,
663 2770 842 2826 convocata
865 2758 987 2844 synodo
1008 2761 1043 2822 in
1064 2762 1186 2826 novella

1 2923 2 2958 r
75 2880 219 2948 ecclesia
251 2875 464 2947 Traiectensi,
498 2873 705 2938 decreverunt
725 2888 813 2932 more
835 2867 1050 2952 apostolorum
1071 2877 1102 2933 et
1124 2865 1188 2931 dis·

76 2988 264 3074 cipulorum
293 2983 421 3057 Christi,
462 2983 497 3045 in
530 2980 665 3045 diversas
708 2975 967 3042 circumiacenles
1005 2975 1187 3041 barbaricas

77 3097 237 3162 nationes
254 3092 499 3179 praestantiores
519 3088 751 3174 praedicatores
770 3086 911 3162 mittere,
934 3085 975 3150 nd
997 3087 1188 3172 praedican-

1 3245 2 3252 κ
78 3209 162 3271 dam
183 3205 256 3289 ipsis
275 3202 373 3268 fidem
394 3197 513 3264 Christi.
555 3197 654 3260 Erant
676 3204 780 3259 autern
801 3215 841 3258 eo
862 3204 1004 3279 temporo
1023 3195 1055 3259 in
1076 3195 1186 3260 eadem

76 3313 218 3380 ecclesia
249 3310 403 3396 primitiva
418 3335 420 3340 ⁴
436 3303 622 3370 Traieclensi
653 3301 817 3388 apostolici
847 3302 1016 3388 pontifices
1035 3311 1065 3366 et
1087 3323 1191 3368 cano·

77 3425 147 3488 nici
191 3417 309 3506 egregii
349 3415 600 3501 praedicatores,
643 3410 700 3496 qui
731 3419 861 3475 sanctos
903 3407 1116 3477 Swidhertum
1159 3419 1190 3474 et

78 3527 330 3598 Willibrordum
358 3527 524 3610 episcopos
542 3527 709 3606 sequentes
730 3526 914 3581 constanter
934 3516 1088 3581 Christum
1110 3536 1190 3599 gen·

79 3641 169 3703 tibus
187 3635 466 3722 praedicaverunt,
489 3639 613 3716 praeter
632 3626 735 3691 socios
755 3624 859 3689 sancti
875 3621 1086 3698 Willibrordi,
1109 3643 1191 3707 quos

80 3768 185 3834 supra
216 3741 475 3814 memoravimus,
511 3746 621 3822 utpote
653 3745 782 3800 sanctus
814 3731 990 3798 Winiridus
1020 3731 1189 3809 sacerdos,

79 3859 142 3946 qui
183 3864 358 3939 postquam
398 3846 546 3913 tredecim
588 3844 677 3910 annis
705 3844 740 3907 in
772 3843 902 3909 ecclesia
934 3840 1124 3905 Traiectensi
1156 3849 1190 3902 ut

78 3964 264 4033 canonicus
295 3958 445 4045 degisset,
478 3952 730 4038 archiepiscopus
752 3951 1000 4037 Maguntinensis
1022 3966 1191 4011 consecra·

78 4070 156 4147 tui,
175 4079 209 4133 et
231 4065 415 4132 Bonilacius
436 4062 624 4147 appellatur,
638 4069 733 4141 atque
755 4067 826 4141 post
847 4057 968 4121 obitum
988 4053 1090 4120 sancti
1110 4052 1193 4120 Wil-

77 4182 241 4204 m

124 4231 171 4298 (ὑ)
210 4228 232 4279 i.
252 4225 383 4280 Daniam.
