<?xml version="1.0" encoding="UTF-8"?>
<!DOCTYPE html PUBLIC "-//W3C//DTD XHTML 1.0 Transitional//EN"
    "http://www.w3.org/TR/xhtml1/DTD/xhtml1-transitional.dtd">
<html xmlns="http://www.w3.org/1999/xhtml" xml:lang="en" lang="en">
 <head>
  <title>
</title>
<meta http-equiv="Content-Type" content="text/html;charset=utf-8" />
  <meta name='ocr-system' content='tesseract 3.04.00' />
  <meta name='ocr-capabilities' content='ocr_page ocr_carea ocr_par ocr_line ocrx_word'/>
</head>
<body>
  <div class='ocr_page' id='page_1' title='image "./worperityaerdae00worpgoog_0091.png"; bbox 0 0 2950 5144; ppageno 0'>
   <div class='ocr_carea' id='block_1_1' title="bbox 515 469 1183 549">
    <p class='ocr_par' dir='ltr' id='par_1_1' title="bbox 515 469 1183 549">
     <span class='ocr_line' id='line_1_1' title="bbox 515 469 1183 549; baseline 0.015 -10"><span class='ocrx_word' id='word_1_1' title='bbox 515 469 764 541; x_wconf 77' lang='lat' dir='ltr'>cttttoutcou.</span> <span class='ocrx_word' id='word_1_2' title='bbox 1142 483 1183 549; x_wconf 76' lang='lat' dir='ltr'>tu</span> 
     </span>
    </p>
   </div>
   <div class='ocr_carea' id='block_1_2' title="bbox 75 638 1184 838">
    <p class='ocr_par' dir='ltr' id='par_1_2' title="bbox 75 638 1184 838">
     <span class='ocr_line' id='line_1_2' title="bbox 75 638 1184 726; baseline 0.011 -23"><span class='ocrx_word' id='word_1_3' title='bbox 75 638 121 703; x_wconf 86' lang='lat' dir='ltr'>ab</span> <span class='ocrx_word' id='word_1_4' title='bbox 148 638 221 724; x_wconf 82' lang='lat' dir='ltr'>ipsis</span> <span class='ocrx_word' id='word_1_5' title='bbox 250 639 370 724; x_wconf 85' lang='lat' dir='ltr'>duplici</span> <span class='ocrx_word' id='word_1_6' title='bbox 401 642 467 704; x_wconf 88' lang='lat' dir='ltr'>iure</span> <span class='ocrx_word' id='word_1_7' title='bbox 497 661 574 726; x_wconf 85' lang='lat' dir='ltr'>prae</span> <span class='ocrx_word' id='word_1_8' title='bbox 594 645 725 709; x_wconf 80' lang='lat' dir='ltr'>caeteris</span> <span class='ocrx_word' id='word_1_9' title='bbox 743 648 858 710; x_wconf 84' lang='lat' dir='ltr'>sanctis</span> <span class='ocrx_word' id='word_1_10' title='bbox 878 649 992 712; x_wconf 85' lang='lat' dir='ltr'>merito</span> <span class='ocrx_word' id='word_1_11' title='bbox 1012 657 1058 713; x_wconf 84' lang='lat' dir='ltr'>eat</span> <span class='ocrx_word' id='word_1_12' title='bbox 1078 649 1184 714; x_wconf 85' lang='lat' dir='ltr'>hono·</span> 
     </span>
     <span class='ocr_line' id='line_1_3' title="bbox 76 747 1184 838; baseline 0.012 -27"><span class='ocrx_word' id='word_1_13' title='bbox 76 747 220 822; x_wconf 84' lang='lat' dir='ltr'>raudus,</span> <span class='ocrx_word' id='word_1_14' title='bbox 245 749 321 834; x_wconf 85' lang='lat' dir='ltr'>quia</span> <span class='ocrx_word' id='word_1_15' title='bbox 343 769 413 814; x_wconf 89' lang='lat' dir='ltr'>uon</span> <span class='ocrx_word' id='word_1_16' title='bbox 435 750 537 814; x_wconf 80' lang='lat' dir='ltr'>sulum</span> <span class='ocrx_word' id='word_1_17' title='bbox 559 751 672 816; x_wconf 79' lang='lat' dir='ltr'>Frisios</span> <span class='ocrx_word' id='word_1_18' title='bbox 691 752 774 838; x_wconf 84' lang='lat' dir='ltr'>ipse,</span> <span class='ocrx_word' id='word_1_19' title='bbox 797 755 843 818; x_wconf 88' lang='lat' dir='ltr'>uti</span> <span class='ocrx_word' id='word_1_20' title='bbox 864 757 1184 824; x_wconf 84' lang='lat' dir='ltr'>sanctusWiiiibror·</span> 
     </span>
    </p>
   </div>
   <div class='ocr_carea' id='block_1_3' title="bbox 7 855 1182 954">
    <p class='ocr_par' dir='ltr' id='par_1_3' title="bbox 7 855 1182 954">
     <span class='ocr_line' id='line_1_4' title="bbox 7 855 1182 954; baseline 0.011 -35"><span class='ocrx_word' id='word_1_21' title='bbox 7 885 8 954; x_wconf 77' lang='lat' dir='ltr'>j</span> <span class='ocrx_word' id='word_1_22' title='bbox 75 855 136 920; x_wconf 87' lang='lat' dir='ltr'>dus</span> <span class='ocrx_word' id='word_1_23' title='bbox 165 867 201 922; x_wconf 82' lang='lat' dir='ltr'>et</span> <span class='ocrx_word' id='word_1_24' title='bbox 235 856 307 933; x_wconf 81' lang='lat' dir='ltr'>aiii,</span> <span class='ocrx_word' id='word_1_25' title='bbox 330 856 450 924; x_wconf 83' lang='lat' dir='ltr'>Christo</span> <span class='ocrx_word' id='word_1_26' title='bbox 470 859 542 924; x_wconf 87' lang='lat' dir='ltr'>Iesu</span> <span class='ocrx_word' id='word_1_27' title='bbox 570 881 628 944; x_wconf 89' lang='lat' dir='ltr'>per</span> <span class='ocrx_word' id='word_1_28' title='bbox 647 863 845 948; x_wconf 72' lang='lat' dir='ltr'>evangelium</span> <span class='ocrx_word' id='word_1_29' title='bbox 866 867 991 950; x_wconf 75' lang='lat' dir='ltr'>genuit,</span> <span class='ocrx_word' id='word_1_30' title='bbox 1020 867 1076 934; x_wconf 84' lang='lat' dir='ltr'>sed</span> <span class='ocrx_word' id='word_1_31' title='bbox 1095 879 1126 933; x_wconf 88' lang='lat' dir='ltr'>et</span> <span class='ocrx_word' id='word_1_32' title='bbox 1147 868 1182 933; x_wconf 88' lang='lat' dir='ltr'>in</span> 
     </span>
    </p>
   </div>
   <div class='ocr_carea' id='block_1_4' title="bbox 76 966 732 1054">
    <p class='ocr_par' dir='ltr' id='par_1_4' title="bbox 76 966 732 1054">
     <span class='ocr_line' id='line_1_5' title="bbox 76 966 732 1054; baseline 0.011 -26"><span class='ocrx_word' id='word_1_33' title='bbox 76 966 171 1030; x_wconf 78' lang='lat' dir='ltr'>Frisia</span> <span class='ocrx_word' id='word_1_34' title='bbox 194 976 227 1031; x_wconf 88' lang='lat' dir='ltr'>et</span> <span class='ocrx_word' id='word_1_35' title='bbox 247 987 287 1031; x_wconf 84' lang='lat' dir='ltr'>ex</span> <span class='ocrx_word' id='word_1_36' title='bbox 308 967 404 1033; x_wconf 79' lang='lat' dir='ltr'>Frisio</span> <span class='ocrx_word' id='word_1_37' title='bbox 424 989 541 1054; x_wconf 73' lang='lat' dir='ltr'>genere</span> <span class='ocrx_word' id='word_1_38' title='bbox 561 979 732 1036; x_wconf 83' lang='lat' dir='ltr'>natusest.</span> 
     </span>
    </p>
   </div>
   <div class='ocr_carea' id='block_1_5' title="bbox 79 1435 1182 1516">
    <p class='ocr_par' dir='ltr' id='par_1_5' title="bbox 79 1435 1182 1516">
     <span class='ocr_line' id='line_1_6' title="bbox 79 1435 1182 1516; baseline 0.007 -20"><span class='ocrx_word' id='word_1_39' title='bbox 79 1439 142 1496; x_wconf 73' lang='lat' dir='ltr'>lte</span> <span class='ocrx_word' id='word_1_40' title='bbox 160 1439 293 1496; x_wconf 73' lang='lat' dir='ltr'>saneto</span> <span class='ocrx_word' id='word_1_41' title='bbox 311 1435 492 1509; x_wconf 68' lang='lat' dir='ltr'>Ludnero</span> <span class='ocrx_word' id='word_1_42' title='bbox 510 1441 797 1512; x_wconf 65' lang='lat' dir='ltr'>separemus</span> <span class='ocrx_word' id='word_1_43' title='bbox 816 1443 920 1513; x_wconf 77' lang='lat' dir='ltr'>atu,</span> <span class='ocrx_word' id='word_1_44' title='bbox 932 1443 974 1500; x_wconf 80' lang='lat' dir='ltr'>et</span> <span class='ocrx_word' id='word_1_45' title='bbox 991 1443 1182 1516; x_wconf 69' lang='lat' dir='ltr'>quomodo</span> 
     </span>
    </p>
   </div>
   <div class='ocr_carea' id='block_1_6' title="bbox 5 1531 1164 1608">
    <p class='ocr_par' dir='ltr' id='par_1_6' title="bbox 5 1531 1164 1608">
     <span class='ocr_line' id='line_1_7' title="bbox 5 1531 1164 1608; baseline 0.008 -19"><span class='ocrx_word' id='word_1_46' title='bbox 5 1577 6 1588; x_wconf 31' lang='lat' dir='ltr'>s</span> <span class='ocrx_word' id='word_1_47' title='bbox 111 1534 240 1603; x_wconf 72' lang='lat' dir='ltr'>prinu</span> <span class='ocrx_word' id='word_1_48' title='bbox 257 1531 449 1602; x_wconf 63' lang='lat' dir='ltr'>Gregorio</span> <span class='ocrx_word' id='word_1_49' title='bbox 467 1535 651 1606; x_wconf 74' lang='lat' dir='ltr'>episeopo</span> <span class='ocrx_word' id='word_1_50' title='bbox 670 1537 925 1608; x_wconf 66' lang='lat' dir='ltr'>hateetenst,</span> <span class='ocrx_word' id='word_1_51' title='bbox 944 1539 1087 1597; x_wconf 76' lang='lat' dir='ltr'>detnato</span> <span class='ocrx_word' id='word_1_52' title='bbox 1096 1541 1164 1598; x_wconf 77' lang='lat' dir='ltr'>Al·</span> 
     </span>
    </p>
   </div>
   <div class='ocr_carea' id='block_1_7' title="bbox 163 1627 1100 1696">
    <p class='ocr_par' dir='ltr' id='par_1_7' title="bbox 163 1627 1100 1696">
     <span class='ocr_line' id='line_1_8' title="bbox 163 1627 1100 1696; baseline 0.009 -14"><span class='ocrx_word' id='word_1_53' title='bbox 163 1628 284 1685; x_wconf 75' lang='grc' dir='ltr'>οιίιο</span> <span class='ocrx_word' id='word_1_54' title='bbox 300 1628 343 1684; x_wconf 77' lang='lat' dir='ltr'>in</span> <span class='ocrx_word' id='word_1_55' title='bbox 359 1627 501 1696; x_wconf 69' lang='lat' dir='ltr'>Aulio</span> <span class='ocrx_word' id='word_1_56' title='bbox 519 1629 649 1686; x_wconf 75' lang='lat' dir='ltr'>mem</span> <span class='ocrx_word' id='word_1_57' title='bbox 666 1629 897 1690; x_wconf 59' lang='lat' dir='ltr'>inbuenda</span> <span class='ocrx_word' id='word_1_58' title='bbox 915 1634 1100 1692; x_wconf 71' lang='lat' dir='ltr'>utrum.</span> 
     </span>
    </p>
   </div>
   <div class='ocr_carea' id='block_1_8' title="bbox 535 1829 728 1900">
    <p class='ocr_par' dir='ltr' id='par_1_8' title="bbox 535 1829 728 1900">
     <span class='ocr_line' id='line_1_9' title="bbox 535 1829 728 1900; baseline 0.005 -4"><span class='ocrx_word' id='word_1_59' title='bbox 535 1829 624 1900; x_wconf 80' lang='lat' dir='ltr'><strong>CAP.</strong></span> <span class='ocrx_word' id='word_1_60' title='bbox 645 1833 728 1898; x_wconf 83' lang='lat' dir='ltr'>xxt.</span> 
     </span>
    </p>
   </div>
   <div class='ocr_carea' id='block_1_9' title="bbox 3 2003 1183 2242">
    <p class='ocr_par' dir='ltr' id='par_1_9' title="bbox 3 1985 1183 2242">
     <span class='ocr_line' id='line_1_10' title="bbox 3 2003 1183 2132; baseline 0.008 -23"><span class='ocrx_word' id='word_1_61' title='bbox 3 2003 7 2068; x_wconf 45' lang='lat' dir='ltr'>i</span> <span class='ocrx_word' id='word_1_62' title='bbox 117 2045 236 2110; x_wconf 80' lang='lat' dir='ltr'>Beatus</span> <span class='ocrx_word' id='word_1_63' title='bbox 256 2043 417 2129; x_wconf 78' lang='lat' dir='ltr'>Ludgerus</span> <span class='ocrx_word' id='word_1_64' title='bbox 442 2045 476 2108; x_wconf 88' lang='lat' dir='ltr'>iu</span> <span class='ocrx_word' id='word_1_65' title='bbox 498 2065 583 2130; x_wconf 79' lang='lat' dir='ltr'>pago</span> <span class='ocrx_word' id='word_1_66' title='bbox 604 2046 716 2111; x_wconf 79' lang='lat' dir='ltr'>Frisiae</span> <span class='ocrx_word' id='word_1_67' title='bbox 736 2048 793 2132; x_wconf 93' lang='lat' dir='ltr'>qui</span> <span class='ocrx_word' id='word_1_68' title='bbox 814 2047 930 2113; x_wconf 86' lang='lat' dir='ltr'>dicitur</span> <span class='ocrx_word' id='word_1_69' title='bbox 952 2049 1094 2116; x_wconf 82' lang='lat' dir='ltr'>Wierum</span> <span class='ocrx_word' id='word_1_70' title='bbox 1115 2071 1183 2119; x_wconf 90' lang='lat' dir='ltr'>nou</span> 
     </span>
     <span class='ocr_line' id='line_1_11' title="bbox 3 2149 1183 2242; baseline -0.001 -20"><span class='ocrx_word' id='word_1_71' title='bbox 3 2149 5 2222; x_wconf 77' lang='lat' dir='ltr'>i</span> <span class='ocrx_word' id='word_1_72' title='bbox 72 2153 188 2238; x_wconf 83' lang='lat' dir='ltr'>prooui</span> <span class='ocrx_word' id='word_1_73' title='bbox 219 2172 239 2215; x_wconf 89' lang='lat' dir='ltr'><strong>a</strong></span> <span class='ocrx_word' id='word_1_74' title='bbox 271 2151 476 2238; x_wconf 72' lang='lat' dir='ltr'>hastingas,</span> <span class='ocrx_word' id='word_1_75' title='bbox 506 2174 598 2218; x_wconf 89' lang='lat' dir='ltr'>nuno</span> <span class='ocrx_word' id='word_1_76' title='bbox 627 2153 795 2230; x_wconf 77' lang='lat' dir='ltr'>uectum,</span> <span class='ocrx_word' id='word_1_77' title='bbox 829 2157 862 2220; x_wconf 91' lang='lat' dir='ltr'>in</span> <span class='ocrx_word' id='word_1_78' title='bbox 893 2155 1109 2242; x_wconf 72' lang='lat' dir='ltr'>Dongerdeel.</span> <span class='ocrx_word' id='word_1_79' title='bbox 1143 2180 1183 2238; x_wconf 67' lang='lat' dir='ltr'>ex</span> 
     </span>
    </p>
   </div>
   <div class='ocr_carea' id='block_1_10' title="bbox 1 2587 3 2674">
    <p class='ocr_par' dir='ltr' id='par_1_10' title="bbox 1 2587 3 2674">
     <span class='ocr_line' id='line_1_12' title="bbox 1 2587 3 2674; baseline 0 0"><span class='ocrx_word' id='word_1_80' title='bbox 1 2587 3 2674; x_wconf 71' lang='lat' dir='ltr'>i</span> 
     </span>
    </p>
   </div>
   <div class='ocr_carea' id='block_1_11' title="bbox 71 2261 1184 2676">
    <p class='ocr_par' dir='ltr' id='par_1_11' title="bbox 71 2261 1184 2676">
     <span class='ocr_line' id='line_1_13' title="bbox 71 2261 1183 2350; baseline 0.005 -23"><span class='ocrx_word' id='word_1_81' title='bbox 71 2261 238 2328; x_wconf 81' lang='lat' dir='ltr'>nobilibus</span> <span class='ocrx_word' id='word_1_82' title='bbox 267 2273 299 2328; x_wconf 85' lang='lat' dir='ltr'>et</span> <span class='ocrx_word' id='word_1_83' title='bbox 333 2261 509 2328; x_wconf 80' lang='lat' dir='ltr'>christianis</span> <span class='ocrx_word' id='word_1_84' title='bbox 540 2261 723 2348; x_wconf 83' lang='lat' dir='ltr'>parentibus</span> <span class='ocrx_word' id='word_1_85' title='bbox 756 2273 801 2328; x_wconf 86' lang='lat' dir='ltr'>est</span> <span class='ocrx_word' id='word_1_86' title='bbox 834 2272 939 2345; x_wconf 80' lang='lat' dir='ltr'>ortus;</span> <span class='ocrx_word' id='word_1_87' title='bbox 974 2264 1063 2330; x_wconf 86' lang='lat' dir='ltr'>euius</span> <span class='ocrx_word' id='word_1_88' title='bbox 1093 2276 1183 2350; x_wconf 84' lang='lat' dir='ltr'>pater</span> 
     </span>
     <span class='ocr_line' id='line_1_14' title="bbox 71 2369 1184 2458; baseline 0.005 -22"><span class='ocrx_word' id='word_1_89' title='bbox 71 2369 242 2437; x_wconf 75' lang='lat' dir='ltr'><strong>dicebatur</strong></span> <span class='ocrx_word' id='word_1_90' title='bbox 271 2370 467 2458; x_wconf 74' lang='lat' dir='ltr'>Tyatgrimus</span> <span class='ocrx_word' id='word_1_91' title='bbox 496 2372 559 2438; x_wconf 81' lang='lat' dir='ltr'>sive</span> <span class='ocrx_word' id='word_1_92' title='bbox 589 2372 717 2449; x_wconf 80' lang='lat' dir='ltr'>Tiardt,</span> <span class='ocrx_word' id='word_1_93' title='bbox 753 2382 854 2440; x_wconf 82' lang='lat' dir='ltr'>mater</span> <span class='ocrx_word' id='word_1_94' title='bbox 885 2395 962 2441; x_wconf 80' lang='lat' dir='ltr'>vero</span> <span class='ocrx_word' id='word_1_95' title='bbox 995 2371 1184 2458; x_wconf 67' lang='lat' dir='ltr'>Liaiburgh.</span> 
     </span>
     <span class='ocr_line' id='line_1_15' title="bbox 72 2480 1184 2570; baseline 0.004 -26"><span class='ocrx_word' id='word_1_96' title='bbox 72 2480 196 2562; x_wconf 85' lang='lat' dir='ltr'>Quem,</span> <span class='ocrx_word' id='word_1_97' title='bbox 233 2490 403 2564; x_wconf 85' lang='lat' dir='ltr'>postquam</span> <span class='ocrx_word' id='word_1_98' title='bbox 432 2481 533 2566; x_wconf 83' lang='lat' dir='ltr'>gratia</span> <span class='ocrx_word' id='word_1_99' title='bbox 565 2483 620 2546; x_wconf 87' lang='lat' dir='ltr'>Dei</span> <span class='ocrx_word' id='word_1_100' title='bbox 648 2483 768 2567; x_wconf 81' lang='lat' dir='ltr'>pariter</span> <span class='ocrx_word' id='word_1_101' title='bbox 789 2493 821 2549; x_wconf 86' lang='lat' dir='ltr'>et</span> <span class='ocrx_word' id='word_1_102' title='bbox 841 2505 978 2570; x_wconf 74' lang='lat' dir='ltr'>oor&#39;pore</span> <span class='ocrx_word' id='word_1_103' title='bbox 997 2502 1184 2550; x_wconf 87' lang='lat' dir='ltr'>anoresosns</span> 
     </span>
     <span class='ocr_line' id='line_1_16' title="bbox 73 2588 1184 2676; baseline 0.005 -22"><span class='ocrx_word' id='word_1_104' title='bbox 73 2588 310 2655; x_wconf 73' lang='lat' dir='ltr'>adotuosnuae</span> <span class='ocrx_word' id='word_1_105' title='bbox 341 2598 477 2656; x_wconf 82' lang='lat' dir='ltr'>aetatem</span> <span class='ocrx_word' id='word_1_106' title='bbox 509 2590 675 2676; x_wconf 77' lang='lat' dir='ltr'>attigisset.</span> <span class='ocrx_word' id='word_1_107' title='bbox 704 2591 855 2655; x_wconf 86' lang='lat' dir='ltr'>miserunt</span> <span class='ocrx_word' id='word_1_108' title='bbox 873 2601 1022 2676; x_wconf 80' lang='lat' dir='ltr'>parantes</span> <span class='ocrx_word' id='word_1_109' title='bbox 1041 2593 1085 2658; x_wconf 86' lang='lat' dir='ltr'>ad</span> <span class='ocrx_word' id='word_1_110' title='bbox 1105 2592 1184 2660; x_wconf 80' lang='lat' dir='ltr'>Gru·</span> 
     </span>
    </p>
   </div>
   <div class='ocr_carea' id='block_1_12' title="bbox 1 2695 1185 2892">
    <p class='ocr_par' dir='ltr' id='par_1_12' title="bbox 1 2695 1185 2892">
     <span class='ocr_line' id='line_1_17' title="bbox 1 2695 1183 2783; baseline -0.011 -19"><span class='ocrx_word' id='word_1_111' title='bbox 1 2695 2 2782; x_wconf 67' lang='lat' dir='ltr'>i</span> <span class='ocrx_word' id='word_1_112' title='bbox 71 2698 199 2783; x_wconf 73' lang='lat' dir='ltr'>goriam</span> <span class='ocrx_word' id='word_1_113' title='bbox 232 2707 410 2764; x_wconf 80' lang='lat' dir='ltr'>conventus</span> <span class='ocrx_word' id='word_1_114' title='bbox 441 2698 647 2764; x_wconf 82' lang='lat' dir='ltr'>Traieotensis</span> <span class='ocrx_word' id='word_1_115' title='bbox 678 2696 846 2772; x_wconf 83' lang='lat' dir='ltr'>abbatem,</span> <span class='ocrx_word' id='word_1_116' title='bbox 885 2699 1089 2781; x_wconf 86' lang='lat' dir='ltr'>postmodum</span> <span class='ocrx_word' id='word_1_117' title='bbox 1121 2710 1183 2765; x_wconf 86' lang='lat' dir='ltr'>ter.</span> 
     </span>
     <span class='ocr_line' id='line_1_18' title="bbox 1 2785 1185 2892; baseline -0.001 -20"><span class='ocrx_word' id='word_1_118' title='bbox 1 2785 2 2844; x_wconf 54' lang='lat'>³</span> <span class='ocrx_word' id='word_1_119' title='bbox 71 2807 154 2872; x_wconf 88' lang='lat' dir='ltr'>tium</span> <span class='ocrx_word' id='word_1_120' title='bbox 182 2805 324 2872; x_wconf 86' lang='lat' dir='ltr'>eiusdem</span> <span class='ocrx_word' id='word_1_121' title='bbox 343 2807 493 2873; x_wconf 85' lang='lat' dir='ltr'>eeclesiae</span> <span class='ocrx_word' id='word_1_122' title='bbox 513 2807 716 2892; x_wconf 83' lang='lat' dir='ltr'>episcopum.</span> <span class='ocrx_word' id='word_1_123' title='bbox 738 2805 833 2870; x_wconf 85' lang='lat' dir='ltr'>literis</span> <span class='ocrx_word' id='word_1_124' title='bbox 853 2805 948 2872; x_wconf 72' lang='lat' dir='ltr'>ueris</span> <span class='ocrx_word' id='word_1_125' title='bbox 968 2805 1185 2872; x_wconf 81' lang='lat' dir='ltr'>imbuendum.</span> 
     </span>
    </p>
   </div>
   <div class='ocr_carea' id='block_1_13' title="bbox 73 2912 1182 3002">
    <p class='ocr_par' dir='ltr' id='par_1_13' title="bbox 73 2912 1182 3002">
     <span class='ocr_line' id='line_1_19' title="bbox 73 2912 1182 3002; baseline -0.001 -24"><span class='ocrx_word' id='word_1_126' title='bbox 73 2914 170 2979; x_wconf 82' lang='lat' dir='ltr'>Brevi</span> <span class='ocrx_word' id='word_1_127' title='bbox 189 2914 297 3001; x_wconf 85' lang='lat' dir='ltr'>itaque</span> <span class='ocrx_word' id='word_1_128' title='bbox 318 2924 459 3001; x_wconf 85' lang='lat' dir='ltr'>tempore</span> <span class='ocrx_word' id='word_1_129' title='bbox 488 2915 650 3002; x_wconf 78' lang='lat' dir='ltr'>Ludgerus</span> <span class='ocrx_word' id='word_1_130' title='bbox 669 2913 800 2980; x_wconf 74' lang='lat' dir='ltr'>nomiari</span> <span class='ocrx_word' id='word_1_131' title='bbox 818 2914 912 2980; x_wconf 82' lang='lat' dir='ltr'>statui</span> <span class='ocrx_word' id='word_1_132' title='bbox 933 2912 1182 2990; x_wconf 83' lang='lat' dir='ltr'>abrenuntians,</span> 
     </span>
    </p>
   </div>
   <div class='ocr_carea' id='block_1_14' title="bbox 1 3019 1184 3120">
    <p class='ocr_par' dir='ltr' id='par_1_14' title="bbox 1 3019 1184 3120">
     <span class='ocr_line' id='line_1_20' title="bbox 1 3019 1184 3120; baseline -0.004 -30"><span class='ocrx_word' id='word_1_133' title='bbox 1 3050 2 3120; x_wconf 66' lang='lat'>3</span> <span class='ocrx_word' id='word_1_134' title='bbox 74 3032 211 3090; x_wconf 80' lang='lat' dir='ltr'>tonurra</span> <span class='ocrx_word' id='word_1_135' title='bbox 239 3034 405 3109; x_wconf 71' lang='lat' dir='ltr'>suscepta,</span> <span class='ocrx_word' id='word_1_136' title='bbox 439 3043 472 3089; x_wconf 84' lang='lat' dir='ltr'>se</span> <span class='ocrx_word' id='word_1_137' title='bbox 505 3032 608 3089; x_wconf 85' lang='lat' dir='ltr'>totum</span> <span class='ocrx_word' id='word_1_138' title='bbox 639 3023 675 3088; x_wconf 90' lang='lat' dir='ltr'>in</span> <span class='ocrx_word' id='word_1_139' title='bbox 705 3023 896 3089; x_wconf 81' lang='lat' dir='ltr'>Traieetensi</span> <span class='ocrx_word' id='word_1_140' title='bbox 926 3020 1121 3089; x_wconf 84' lang='lat' dir='ltr'>monasterio</span> <span class='ocrx_word' id='word_1_141' title='bbox 1141 3019 1184 3086; x_wconf 89' lang='lat' dir='ltr'>ad</span> 
     </span>
    </p>
   </div>
   <div class='ocr_carea' id='block_1_15' title="bbox 69 3129 1187 4302">
    <p class='ocr_par' dir='ltr' id='par_1_15' title="bbox 69 3129 1187 4302">
     <span class='ocr_line' id='line_1_21' title="bbox 74 3129 1185 3217; baseline 0.001 -21"><span class='ocrx_word' id='word_1_142' title='bbox 74 3129 217 3197; x_wconf 83' lang='lat' dir='ltr'>divinum</span> <span class='ocrx_word' id='word_1_143' title='bbox 248 3132 389 3198; x_wconf 80' lang='lat' dir='ltr'>officium</span> <span class='ocrx_word' id='word_1_144' title='bbox 410 3131 628 3198; x_wconf 81' lang='lat' dir='ltr'>convertebat.</span> <span class='ocrx_word' id='word_1_145' title='bbox 673 3129 732 3196; x_wconf 86' lang='lat' dir='ltr'>Ubi</span> <span class='ocrx_word' id='word_1_146' title='bbox 752 3151 895 3197; x_wconf 82' lang='lat' dir='ltr'>sucoessu</span> <span class='ocrx_word' id='word_1_147' title='bbox 916 3132 1065 3217; x_wconf 84' lang='lat' dir='ltr'>temporis</span> <span class='ocrx_word' id='word_1_148' title='bbox 1085 3149 1185 3198; x_wconf 86' lang='lat' dir='ltr'>aeuo·</span> 
     </span>
     <span class='ocr_line' id='line_1_22' title="bbox 73 3239 1184 3326; baseline 0.004 -24"><span class='ocrx_word' id='word_1_149' title='bbox 73 3240 178 3326; x_wconf 73' lang='lat' dir='ltr'>lytris,</span> <span class='ocrx_word' id='word_1_150' title='bbox 212 3251 243 3306; x_wconf 83' lang='lat' dir='ltr'>et</span> <span class='ocrx_word' id='word_1_151' title='bbox 273 3240 393 3307; x_wconf 87' lang='lat' dir='ltr'>deinde</span> <span class='ocrx_word' id='word_1_152' title='bbox 422 3239 673 3306; x_wconf 74' lang='lat' dir='ltr'><strong>subdiaconatus</strong></span> <span class='ocrx_word' id='word_1_153' title='bbox 692 3249 738 3305; x_wconf 88' lang='lat' dir='ltr'>est</span> <span class='ocrx_word' id='word_1_154' title='bbox 759 3239 922 3305; x_wconf 86' lang='lat' dir='ltr'>ordinibus</span> <span class='ocrx_word' id='word_1_155' title='bbox 947 3241 1094 3306; x_wconf 86' lang='lat' dir='ltr'>initiatus.</span> <span class='ocrx_word' id='word_1_156' title='bbox 1136 3239 1184 3306; x_wconf 80' lang='lat' dir='ltr'>Eo</span> 
     </span>
     <span class='ocr_line' id='line_1_23' title="bbox 73 3348 1185 3436; baseline -0.002 -22"><span class='ocrx_word' id='word_1_157' title='bbox 73 3358 239 3434; x_wconf 70' lang='lat' dir='ltr'>ternpore,</span> <span class='ocrx_word' id='word_1_158' title='bbox 271 3371 339 3436; x_wconf 90' lang='lat' dir='ltr'>quo</span> <span class='ocrx_word' id='word_1_159' title='bbox 368 3349 479 3415; x_wconf 89' lang='lat' dir='ltr'>beatus</span> <span class='ocrx_word' id='word_1_160' title='bbox 510 3349 676 3435; x_wconf 75' lang='lat' dir='ltr'><strong>Gregorius</strong></span> <span class='ocrx_word' id='word_1_161' title='bbox 702 3350 862 3433; x_wconf 77' lang='lat' dir='ltr'>praefatus</span> <span class='ocrx_word' id='word_1_162' title='bbox 882 3348 1113 3414; x_wconf 84' lang='lat' dir='ltr'>Traieoteusem</span> <span class='ocrx_word' id='word_1_163' title='bbox 1134 3369 1185 3412; x_wconf 85' lang='lat' dir='ltr'>re·</span> 
     </span>
     <span class='ocr_line' id='line_1_24' title="bbox 72 3454 1185 3542; baseline -0.003 -20"><span class='ocrx_word' id='word_1_164' title='bbox 72 3457 170 3542; x_wconf 77' lang='lat' dir='ltr'>gebat</span> <span class='ocrx_word' id='word_1_165' title='bbox 201 3457 388 3534; x_wconf 82' lang='lat' dir='ltr'>ecclesiam,</span> <span class='ocrx_word' id='word_1_166' title='bbox 423 3458 510 3524; x_wconf 83' lang='lat' dir='ltr'>venit</span> <span class='ocrx_word' id='word_1_167' title='bbox 539 3479 577 3522; x_wconf 85' lang='lat' dir='ltr'>ex</span> <span class='ocrx_word' id='word_1_168' title='bbox 598 3457 709 3542; x_wconf 71' lang='lat' dir='ltr'>Angli·</span> <span class='ocrx_word' id='word_1_169' title='bbox 731 3455 863 3541; x_wconf 75' lang='lat' dir='ltr'>qrridum</span> <span class='ocrx_word' id='word_1_170' title='bbox 883 3454 1033 3520; x_wconf 81' lang='lat' dir='ltr'>sacerdos</span> <span class='ocrx_word' id='word_1_171' title='bbox 1052 3455 1185 3520; x_wconf 84' lang='lat' dir='ltr'>nomine</span> 
     </span>
     <span class='ocr_line' id='line_1_25' title="bbox 71 3561 1186 3647; baseline -0.004 -17"><span class='ocrx_word' id='word_1_172' title='bbox 71 3564 259 3644; x_wconf 73' lang='lat' dir='ltr'>rubricas,</span> <span class='ocrx_word' id='word_1_173' title='bbox 296 3565 337 3630; x_wconf 91' lang='lat' dir='ltr'>ad</span> <span class='ocrx_word' id='word_1_174' title='bbox 370 3564 479 3631; x_wconf 75' lang='lat' dir='ltr'>Christi</span> <span class='ocrx_word' id='word_1_175' title='bbox 510 3585 632 3630; x_wconf 87' lang='lat' dir='ltr'>nomen</span> <span class='ocrx_word' id='word_1_176' title='bbox 662 3564 824 3627; x_wconf 77' lang='lat' dir='ltr'>Frisonum</span> <span class='ocrx_word' id='word_1_177' title='bbox 844 3572 876 3628; x_wconf 85' lang='lat' dir='ltr'>et</span> <span class='ocrx_word' id='word_1_178' title='bbox 897 3561 1060 3627; x_wconf 85' lang='lat' dir='ltr'><strong>Saxonum</strong></span> <span class='ocrx_word' id='word_1_179' title='bbox 1081 3561 1186 3647; x_wconf 78' lang='lat' dir='ltr'>genti·</span> 
     </span>
     <span class='ocr_line' id='line_1_26' title="bbox 71 3670 1187 3758; baseline -0.001 -22"><span class='ocrx_word' id='word_1_180' title='bbox 71 3670 136 3736; x_wconf 85' lang='lat' dir='ltr'>bus</span> <span class='ocrx_word' id='word_1_181' title='bbox 165 3673 441 3758; x_wconf 83' lang='lat' dir='ltr'>praedicandum,</span> <span class='ocrx_word' id='word_1_182' title='bbox 485 3673 662 3738; x_wconf 80' lang='lat' dir='ltr'>Traiectum</span> <span class='ocrx_word' id='word_1_183' title='bbox 693 3672 812 3738; x_wconf 84' lang='lat' dir='ltr'>missus.</span> <span class='ocrx_word' id='word_1_184' title='bbox 867 3670 961 3737; x_wconf 85' lang='lat' dir='ltr'>Cuius</span> <span class='ocrx_word' id='word_1_185' title='bbox 991 3670 1124 3738; x_wconf 81' lang='lat' dir='ltr'>seientia</span> <span class='ocrx_word' id='word_1_186' title='bbox 1154 3681 1187 3736; x_wconf 81' lang='lat' dir='ltr'>et</span> 
     </span>
     <span class='ocr_line' id='line_1_27' title="bbox 72 3778 1185 3868; baseline -0.001 -24"><span class='ocrx_word' id='word_1_187' title='bbox 72 3781 215 3846; x_wconf 88' lang='lat' dir='ltr'>moribus</span> <span class='ocrx_word' id='word_1_188' title='bbox 237 3782 286 3848; x_wconf 87' lang='lat' dir='ltr'>vir</span> <span class='ocrx_word' id='word_1_189' title='bbox 306 3782 362 3846; x_wconf 87' lang='lat' dir='ltr'>Dei</span> <span class='ocrx_word' id='word_1_190' title='bbox 383 3782 549 3868; x_wconf 77' lang='lat' dir='ltr'>Gregorius</span> <span class='ocrx_word' id='word_1_191' title='bbox 569 3780 761 3857; x_wconf 81' lang='lat' dir='ltr'>delectatus,</span> <span class='ocrx_word' id='word_1_192' title='bbox 785 3800 859 3846; x_wconf 87' lang='lat' dir='ltr'>eum</span> <span class='ocrx_word' id='word_1_193' title='bbox 879 3778 938 3844; x_wconf 92' lang='lat' dir='ltr'>sibi</span> <span class='ocrx_word' id='word_1_194' title='bbox 959 3780 1185 3866; x_wconf 63' lang='lat' dir='ltr'>coepiscopum</span> 
     </span>
     <span class='ocr_line' id='line_1_28' title="bbox 70 3888 1184 3976; baseline -0.005 -21"><span class='ocrx_word' id='word_1_195' title='bbox 70 3890 141 3956; x_wconf 86' lang='lat' dir='ltr'>fieri</span> <span class='ocrx_word' id='word_1_196' title='bbox 170 3892 328 3957; x_wconf 73' lang='lat' dir='ltr'>instanter</span> <span class='ocrx_word' id='word_1_197' title='bbox 359 3891 537 3976; x_wconf 84' lang='lat' dir='ltr'>postulavit.</span> <span class='ocrx_word' id='word_1_198' title='bbox 583 3889 633 3954; x_wconf 80' lang='lat' dir='ltr'>Ad</span> <span class='ocrx_word' id='word_1_199' title='bbox 663 3888 742 3954; x_wconf 88' lang='lat' dir='ltr'>haec</span> <span class='ocrx_word' id='word_1_200' title='bbox 763 3909 837 3956; x_wconf 88' lang='lat' dir='ltr'>cum</span> <span class='ocrx_word' id='word_1_201' title='bbox 858 3910 890 3953; x_wconf 86' lang='lat' dir='ltr'>se</span> <span class='ocrx_word' id='word_1_202' title='bbox 911 3888 1074 3955; x_wconf 80' lang='lat' dir='ltr'>Aeibricus</span> <span class='ocrx_word' id='word_1_203' title='bbox 1095 3889 1184 3952; x_wconf 86' lang='lat' dir='ltr'>nullo</span> 
     </span>
     <span class='ocr_line' id='line_1_29' title="bbox 69 3995 1185 4086; baseline -0.003 -22"><span class='ocrx_word' id='word_1_204' title='bbox 69 3999 172 4066; x_wconf 86' lang='lat' dir='ltr'>modo</span> <span class='ocrx_word' id='word_1_205' title='bbox 205 4001 270 4066; x_wconf 82' lang='lat' dir='ltr'>tale</span> <span class='ocrx_word' id='word_1_206' title='bbox 303 4009 492 4086; x_wconf 84' lang='lat' dir='ltr'>tantumque</span> <span class='ocrx_word' id='word_1_207' title='bbox 520 3997 682 4075; x_wconf 84' lang='lat' dir='ltr'>officium,</span> <span class='ocrx_word' id='word_1_208' title='bbox 717 3997 778 4061; x_wconf 89' lang='lat' dir='ltr'>nisi</span> <span class='ocrx_word' id='word_1_209' title='bbox 808 3998 843 4061; x_wconf 90' lang='lat' dir='ltr'>id</span> <span class='ocrx_word' id='word_1_210' title='bbox 864 3998 892 4062; x_wconf 89' lang='lat' dir='ltr'>ei</span> <span class='ocrx_word' id='word_1_211' title='bbox 925 4017 1092 4083; x_wconf 88' lang='lat' dir='ltr'>persuum</span> <span class='ocrx_word' id='word_1_212' title='bbox 1114 3995 1185 4061; x_wconf 91' lang='lat' dir='ltr'>dio·</span> 
     </span>
     <span class='ocr_line' id='line_1_30' title="bbox 69 4103 1185 4193; baseline -0.004 -19"><span class='ocrx_word' id='word_1_213' title='bbox 69 4129 228 4174; x_wconf 85' lang='lat' dir='ltr'>oesauum</span> <span class='ocrx_word' id='word_1_214' title='bbox 248 4108 489 4193; x_wconf 78' lang='lat' dir='ltr'>iniungeretur,</span> <span class='ocrx_word' id='word_1_215' title='bbox 513 4125 670 4172; x_wconf 78' lang='lat' dir='ltr'>assumere</span> <span class='ocrx_word' id='word_1_216' title='bbox 690 4103 916 4189; x_wconf 82' lang='lat' dir='ltr'>responderet,</span> <span class='ocrx_word' id='word_1_217' title='bbox 950 4103 1088 4169; x_wconf 86' lang='lat' dir='ltr'>eundem</span> <span class='ocrx_word' id='word_1_218' title='bbox 1108 4125 1185 4172; x_wconf 85' lang='lat' dir='ltr'>mox</span> 
     </span>
     <span class='ocr_line' id='line_1_31' title="bbox 71 4211 1186 4302; baseline -0.004 -20"><span class='ocrx_word' id='word_1_219' title='bbox 71 4216 245 4302; x_wconf 81' lang='lat' dir='ltr'>Gregorius</span> <span class='ocrx_word' id='word_1_220' title='bbox 287 4236 362 4283; x_wconf 87' lang='lat' dir='ltr'>cum</span> <span class='ocrx_word' id='word_1_221' title='bbox 393 4215 528 4300; x_wconf 87' lang='lat' dir='ltr'>epistolis</span> <span class='ocrx_word' id='word_1_222' title='bbox 560 4214 603 4280; x_wconf 86' lang='lat' dir='ltr'>ad</span> <span class='ocrx_word' id='word_1_223' title='bbox 634 4212 782 4300; x_wconf 78' lang='lat' dir='ltr'>Angliam</span> <span class='ocrx_word' id='word_1_224' title='bbox 813 4211 948 4293; x_wconf 79' lang='lat' dir='ltr'>remisit,</span> <span class='ocrx_word' id='word_1_225' title='bbox 981 4213 1112 4301; x_wconf 77' lang='lat' dir='ltr'>iungens</span> <span class='ocrx_word' id='word_1_226' title='bbox 1142 4213 1186 4278; x_wconf 88' lang='lat' dir='ltr'>iili</span> 
     </span>
    </p>
   </div>
   <div class='ocr_carea' id='block_1_16' title="bbox 0 0 1480 5144">
    <p class='ocr_par' dir='ltr' id='par_1_16' title="bbox 0 0 1480 5144">
     <span class='ocr_line' id='line_1_32' title="bbox 0 0 1480 5144; baseline 0 0"><span class='ocrx_word' id='word_1_227' title='bbox 0 0 1480 5144; x_wconf 95' lang='lat' dir='ltr'> </span> 
     </span>
    </p>
   </div>
  </div>
 </body>
</html>
