2950 5144
496 497 743 564 canonicos.
1131 503 1175 568 43

72 666 116 731 ad
138 673 235 749 eaput
256 681 346 726 nrum
367 664 432 728 sola
453 683 549 728 manu
571 666 719 731 velociter
738 668 893 734 elevabat.
935 667 1063 734 Liberos
1083 689 1173 746 suos,

72 784 139 838 tam
169 773 270 845 lilios,
303 791 402 857 quam
430 771 531 847 filias,
576 773 680 856 primo
712 773 889 841 liberalibus
919 777 1027 841 studiis
1058 778 1175 843 erudiri

69 883 165 948 iamt
209 881 332 945 Desste
359 879 460 955 lilios,
496 881 726 965 cumprimum
748 881 1049 969 aetsspatiebatur,
1082 889 1174 972 equi.

70 992 194 1055 tatione
224 999 321 1074 atque
353 990 447 1052 armis
478 998 508 1054 et
535 989 756 1055 venationibus
788 993 923 1057 exerceri
956 991 1040 1059 iecit.
1083 992 1175 1058 Filias

69 1119 145 1164 vero
174 1097 318 1162 lanificio
347 1115 539 1171 asnrmcere,
570 1097 644 1163 colo
676 1108 774 1183 atque
805 1100 875 1164 fuso
909 1099 966 1182 (ne
994 1119 1052 1184 per
1073 1101 1173 1168 otium

69 1206 300 1291 torpescerent)
344 1223 474 1289 operam
506 1203 690 1288 impendere
718 1206 827 1272 voluit.
878 1206 949 1290 Ipsa
977 1206 1110 1273 Carolrn
1138 1209 1173 1272 in

70 1314 164 1378 omni
193 1313 318 1379 scientia
351 1314 469 1398 peritus
499 1313 574 1387 luit,
607 1332 790 1398 summeque
820 1313 923 1376 literas
943 1333 1064 1396 semper
1084 1334 1173 1378 nma-

70 1421 142 1485 bat.
185 1420 270 1484 Inter
300 1421 507 1484 coenandum
539 1429 594 1483 aut
625 1417 744 1504 aliquid
775 1417 913 1505 legebat,
946 1429 1001 1482 aut
1023 1419 1174 1486 lectorem

70 1527 234 1594 audiebat.
282 1526 481 1613 Legebantur
511 1525 567 1590 sibi
599 1525 746 1590 historiae
774 1535 807 1590 et
839 1525 1046 1610 antiquorum
1075 1539 1172 1612 gesta.

67 1635 292 1702 Delectabatur
311 1637 405 1700 etiarn
427 1633 512 1699 libris
531 1633 614 1699 beati
637 1634 822 1718 Augustini,
847 1634 1083 1719 praecipueque
1103 1635 1171 1710 bis,

68 1747 124 1830 qui
157 1743 200 1808 de
229 1745 354 1809 civitate
383 1742 437 1807 Dei
458 1740 685 1808 inscribuntur.
728 1741 800 1826 lpse
820 1761 952 1827 quoque
972 1761 1030 1826 per
1049 1744 1174 1809 unirer.
1221 1821 1231 1834 ,

68 1871 136 1915 erm
180 1849 357 1930 mundum,
399 1850 441 1914 ed
474 1847 662 1933 indaganda
695 1848 850 1923 nomina,
886 1858 976 1912 actus
1007 1861 1040 1913 et
1069 1851 1176 1916 obitus

68 1969 276 2033 sanctorum,
310 1957 442 2021 nuntios
470 1955 570 2031 misit,
604 1975 690 2038 quaa
714 1974 772 2039 per
791 1956 956 2021 Iarardum
977 1959 1173 2025 monachum

67 2071 102 2133 in
132 2087 229 2132 unum
259 2067 407 2130 volumen
439 2061 597 2128 conscribi
613 2057 726 2136 iecit,
759 2063 850 2147 quod
872 2083 963 2128 nunc
983 2068 1175 2150 manyrolo-

67 2177 154 2264 gium
196 2175 322 2240 dicitur.
373 2173 529 2238 Fecerant
560 2170 623 2235 boc
655 2179 732 2232 ante
764 2170 979 2244 llieronimus,
1022 2171 1111 2236 beda
1142 2185 1175 2240 et

68 2285 195 2361 Florus,
228 2281 283 2346 sed
312 2299 382 2343 non
413 2280 545 2366 integre.
589 2278 648 2343 llic
668 2286 774 2341 autem
794 2277 919 2363 singulis
939 2275 1050 2343 diebus
1069 2299 1174 2344 anno·

68 2393 146 2459 tavit
178 2411 238 2464 ea,
273 2398 303 2452 et
332 2388 497 2451 inventum
530 2393 596 2460 est,
632 2384 723 2469 qnod
743 2385 868 2470 singulis
888 2384 998 2450 diebus
1019 2385 1096 2451 anni
1116 2407 1176 2454 oc·

69 2498 244 2566 currebant
258 2496 343 2579 -plus
372 2513 470 2578 quam
501 2512 561 2557 occ
592 2492 688 2566 irata.
721 2502 752 2556 et
784 2492 857 2558 ideo
878 2503 1029 2558 statutum
1050 2505 1115 2573 est,
1139 2507 1175 2562 ut

1 2603 2 2686 ξ
71 2608 228 2672 diceretur
247 2605 282 2668 in
302 2604 370 2670 fine
391 2620 529 2685 semper,
543 2611 575 2666 et
596 2600 729 2664 aliorum
749 2599 957 2683 plurimorum
976 2612 1175 2672 sanctorum.

1 2697 2 2753 ἦ
70 2717 134 2782 Iste
154 2715 284 2781 Carolus
303 2711 413 2784 etiam,
447 2719 483 2773 ut
503 2707 610 2774 scribit
631 2705 819 2791 Sigibertus,
852 2726 910 2789 per
931 2725 1062 2772 manum
1083 2711 1174 2774 Pauli

69 2825 199 2890 diaconi
229 2822 296 2894 sui,
328 2819 503 2904 decerpens
530 2815 648 2900 optima
678 2833 828 2899 quaeque
859 2810 1042 2897 descriptis
1062 2815 1175 2880 patho.

69 2936 208 2999 licorum
245 2936 394 3014 patrum,
440 2922 600 2989 ordinavit
632 2922 784 2986 lectiones
816 2918 990 3006 unicuique
1020 2920 1175 2988 festivitati

1 3023 3 3104 ἶ
71 3038 296 3107 convenientes
326 3055 382 3121 per
413 3034 493 3098 anni
520 3030 672 3096 circulum
694 3031 727 3092 in
749 3030 880 3094 ecclesia
902 3029 1062 3114 legendas.
1105 3031 1175 3116 lpse

1 3143 2 3154 ³
70 3150 170 3213 etiarn
211 3145 340 3212 devotus
369 3142 519 3226 princeps
551 3139 743 3223 sequentias:
788 3137 860 3202 Rex
890 3137 1096 3222 omnipotens
1124 3139 1176 3204 die

1 3239 2 3252 ³
71 3255 249 3330 hodierno,
283 3271 368 3337 quae
398 3251 431 3315 in
462 3246 640 3312 ascensione
671 3245 815 3320 llomini,
849 3253 882 3309 et
900 3247 967 3310 Ave
987 3248 1173 3331 praeclara,

72 3385 159 3452 quae
178 3363 221 3427 de
241 3360 335 3426 beata
355 3359 474 3443 virgine
507 3363 678 3430 cantatur,
711 3353 919 3438 composrime
941 3353 1067 3419 dicitur.
1112 3355 1176 3418 lla.

73 3474 143 3539 buit
186 3471 314 3552 insuper
356 3464 548 3550 singularem
579 3461 773 3545 diligentiam
803 3471 835 3524 et
867 3462 1074 3524 reverentiam
1104 3482 1177 3546 erga

75 3582 220 3649 divinum
252 3576 382 3642 cultum.
425 3572 506 3637 llam
528 3569 632 3653 (utin
654 3566 781 3631 historia
800 3564 946 3631 scribitur
966 3566 1176 3650 Francorum)

78 3687 243 3754 ecelesiam
273 3702 366 3748 mane
386 3689 418 3744 et
437 3695 563 3762 vespere
585 3695 625 3740 ac
647 3674 814 3738 nocturnis
834 3672 936 3748 boris,
970 3673 1180 3759 sacrificiique

78 3806 235 3880 tempore,
270 3788 382 3877 quoad
413 3783 560 3853 valetudo
589 3783 749 3867 permisit,
781 3782 911 3866 impigre
930 3781 1178 3866 frequentabat,

77 3902 278 3988 curabatque
297 3915 507 3985 magnopere,
542 3902 578 3956 ut
599 3892 729 3964 omnia,
753 3910 837 3974 quae
857 3889 891 3952 in
913 3909 950 3953 ea
971 3888 1179 3975 gerebantur,

77 4033 152 4078 eum
183 4010 322 4076 maxima
352 4007 467 4072 fierent
497 4000 683 4073 honestate,
718 3999 860 4062 aedituos
890 3997 1004 4062 crebro
1037 4013 1182 4059 mmmc-

1 4168 2 4173 κ
77 4141 182 4197 nens,
213 4138 257 4182 ne
290 4114 371 4204 quid
401 4110 553 4179 indecens
573 4116 628 4172 aut
649 4103 811 4170 sordidum
832 4103 867 4167 in
888 4102 1051 4167 ecclesiam
1072 4101 1184 4167 inlerri

78 4229 127 4294 vel
156 4229 191 4294 in
213 4247 251 4292 ea
273 4222 488 4308 permitterent
510 4233 682 4284 remanere.
729 4211 857 4294 Semper
877 4229 1008 4296 quoque
1030 4210 1078 4292 (ut
1100 4211 1184 4276 Mar.
