2916 5150
490 487 736 554 CHRONICON.
1101 489 1161 552 lib

58 654 249 737 compositus
280 664 342 723 etc.
396 656 516 720 Contra
556 658 648 719 talem
682 655 936 739 ingratitudinem
969 655 1064 721 habet
1104 657 1156 720 illa

57 781 133 847 gans
148 760 340 837 remedium,
365 764 522 848 quoniam
541 763 651 827 reddet
676 765 755 826 Deus
776 765 951 828 mercedem
972 765 1065 830 serris
1084 765 1156 828 suis.

56 872 142 934 Haeo
163 889 202 934 ex
225 871 346 954 seriptis
366 870 491 937 Oliverii
512 871 552 934 de
574 871 658 934 bellis
678 870 926 936 Christianorum
949 883 1064 937 contra
1084 872 1158 936 infi-

57 978 138 1042 deles
167 979 249 1041 ultra
280 1000 388 1054 mare,
422 981 600 1044 summatim
620 990 651 1042 et
672 979 805 1044 breviter
823 991 898 1044 aaut
917 989 1069 1046 extracta.
1113 979 1157 1042 lle

56 1085 170 1170 quibus
191 1086 318 1170 plenius
349 1088 374 1150 si
404 1086 475 1170 quis
503 1087 668 1151 informari
691 1088 841 1164 voluerit,
875 1088 1011 1154 eiusdem
1032 1086 1157 1154 Olirerii

56 1194 150 1259 libros
171 1195 263 1280 legat.

71 1673 188 1738 stood
199 1673 363 1745 'expleto
380 1679 562 1748 pannagio
578 1679 693 1735 nultl
710 1677 893 1736 frisones
911 1677 962 1732 nd
978 1676 1139 1747 propria

217 1768 421 1827 redierunt
437 1783 515 1830 non
532 1772 618 1830 atne
634 1770 752 1829 leude
770 1770 993 1828 multorum.

509 1970 596 2036 CAP.
619 1971 717 2040 XXII.

1 2195 3 2232 4
96 2186 215 2254 Verum
236 2208 278 2252 ne
299 2188 370 2272 quis
390 2188 569 2253 invidorum
591 2187 689 2264 haec,
725 2207 808 2273 quae
830 2187 916 2253 dicta
937 2198 1008 2252 aunt
1029 2187 1070 2252 de
1091 2187 1157 2250 Fri·

53 2297 124 2370 siis,
158 2295 327 2360 mendacia
357 2296 474 2360 iudicet
506 2306 562 2360 aut
581 2295 723 2373 fabulas,
757 2295 832 2360 libet
853 2295 926 2360 huic
948 2295 1029 2359 libro
1050 2294 1158 2380 copias

52 2406 232 2481 literarum,
256 2423 336 2488 quas
357 2404 400 2466 ad
420 2404 548 2489 propria
571 2404 738 2469 redeuntes
757 2425 863 2469 seeum
884 2403 1084 2479 detulerunt,
1109 2404 1159 2467 iu·

52 2533 173 2586 serere,
208 2513 323 2576 scilicet
355 2511 496 2576 Romani
528 2513 692 2598 pontificis
712 2523 744 2579 et
766 2515 963 2598 imperatoris
985 2514 1028 2578 ad
1049 2512 1159 2576 similia

1 2666 2 2702 ,
51 2623 125 2684 illos
155 2620 358 2706 postmodum
387 2620 496 2684 denuo
527 2621 700 2685 invitantis.
752 2621 827 2684 Post
857 2632 986 2704 captam
1018 2641 1159 2708 namque

1 2741 2 2816 j
53 2730 167 2793 turrim
187 2739 218 2792 et
240 2728 394 2793 civitatem
415 2728 609 2805 Damiatam,
632 2727 722 2791 multi
742 2727 845 2801 Frisii,
868 2729 994 2812 expleto
1016 2730 1158 2813 passagio

53 2859 133 2916 suo,
171 2837 214 2900 ad
247 2857 319 2901 suos
350 2848 381 2901 et
414 2858 468 2900 sua
499 2837 601 2901 redire
633 2837 814 2922 cupientes,
847 2837 1006 2922 petierunt
1027 2836 1069 2900 ab
1090 2836 1157 2911 his,

53 2945 172 3032 quibus
193 2944 369 3008 huiusmodi
391 2945 554 3030 negotium
576 2967 594 3008 a
614 2944 811 3030 principibus
821 2945 987 3011 Christiani
1009 2945 1160 3010 exercitus

1 3139 2 3148 ἵ
53 3055 258 3120 commissum
279 3053 400 3127 luerat,
421 3054 526 3117 literas
547 3053 768 3117 testimoniales
789 3054 830 3116 ad
853 3055 1010 3139 praelatos
1031 3063 1062 3118 et
1078 3052 1160 3117 iudi·

54 3183 109 3228 ces
133 3160 265 3232 Frisiae,
302 3159 415 3246 quibus
436 3181 523 3223 suam
543 3161 832 3246 peregrinationem
852 3163 910 3226 rite
931 3163 1049 3227 laetam
1072 3184 1161 3227 com·

53 3267 242 3355 probarent.
285 3267 323 3331 lit
354 3268 430 3352 quia
449 3266 599 3332 Oliverius
618 3289 711 3354 saepe
732 3269 851 3345 dictus,
877 3271 922 3334 air
944 3270 1111 3336 doetrinae
1130 3280 1162 3336 et

54 3380 139 3444 ritae
160 3369 328 3440 sanctitate
348 3375 491 3460 insignis,
504 3376 608 3440 multis
628 3376 788 3442 laboribus
809 3399 936 3443 crucem
956 3400 1013 3464 per
1034 3379 1162 3443 Frisium

55 3483 299 3572 praedicando,
334 3485 395 3546 suis
425 3482 599 3548 salubribus
627 3486 755 3548 monitis
784 3495 815 3549 et
845 3485 1028 3548 salutaribus
1049 3487 1163 3550 exhor·

56 3592 251 3668 tatiouibus,
277 3593 390 3656 multos
411 3592 529 3656 nobiles
548 3592 666 3677 pariter
688 3614 727 3656 ac
747 3590 900 3678 ignobiles
921 3593 1104 3667 induxerat,
1128 3605 1162 3655 ut

53 3704 184 3788 signum
216 3701 319 3765 crucis
339 3701 549 3783 susciperent,
585 3700 617 3763 iu
638 3699 771 3764 nomine
791 3700 876 3775 eius,
910 3700 965 3784 qui
987 3721 1047 3785 pro
1069 3701 1164 3766 nobis

55 3808 282 3896 peccatoribus
303 3829 431 3873 crucem
453 3808 541 3884 tulit,
565 3808 714 3893 illumque
735 3807 860 3872 Terram
883 3807 1045 3885 Sanctam,
1065 3832 1164 3895 quam

57 3919 214 3983 Dominus
258 3927 366 3981 noster
405 3917 488 3979 lesus
518 3913 654 3979 Christus
686 3917 747 3978 suis
779 3915 912 3998 pedibus
945 3919 1056 4000 suique
1088 3937 1164 3980 san·

58 4029 164 4112 guinis
185 4026 382 4091 sacratissimi
403 4025 556 4089 effusione
577 4035 841 4098 consecraverat,
873 4026 1053 4102 risitareut;
1076 4025 1166 4090 ideo·

59 4157 124 4219 que
153 4136 220 4198 iam
251 4154 308 4196 suo
341 4133 465 4217 expleto
496 4130 640 4215 passagio
672 4129 713 4193 ab
746 4131 819 4206 illo,
856 4141 1020 4216 tamquam
1052 4145 1162 4219 patre,
1214 4207 1218 4212 ,

60 4242 189 4318 amico,
216 4251 312 4324 atque
334 4239 459 4324 speciali
481 4238 622 4323 relugin,
658 4238 689 4300 in
713 4247 777 4300 tam
799 4237 895 4322 longa
917 4241 1166 4325 peregrinatione

1005 4351 1043 4413 l0
