2950 5144
290 465 333 532 7⁰
730 459 954 528 WOIlPIt'IlI

287 631 439 696 librorum
469 639 501 695 et
531 650 641 716 capsas
668 630 872 714 reliquiarum
901 628 1098 702 auferentes.
1130 636 1162 692 et
1181 647 1341 714 magnam
1364 629 1401 691 in

288 741 332 806 eis
362 738 429 804 auri
461 737 648 824 argentique
677 738 806 822 copiam
834 738 991 804 inclusam
1011 737 1189 812 credentes,
1224 735 1403 824 diligenter

288 846 532 916 conservabant.
574 846 638 912 Sed
669 857 700 912 et
733 868 851 925 nara,
884 847 999 934 qrribus
1031 844 1237 932 quotidianus
1256 845 1402 910 elerico·

286 979 358 1024 rum
378 965 410 1024 ct
429 977 600 1043 puerorum
620 957 725 1020 inerat
745 956 861 1033 rictus,
884 959 1034 1022 intrantes
1053 955 1164 1020 omnia
1183 963 1400 1040 asportarunt

287 1086 362 1132 cum
393 1065 525 1132 vasculis
554 1065 676 1151 aliquot
705 1065 768 1130 vini
797 1065 937 1130 studiose
968 1064 1130 1130 obseratis.
1174 1061 1255 1128 Cum
1274 1061 1400 1148 qrn'bus

285 1173 485 1251 recedentes,
516 1176 552 1238 in
573 1174 647 1240 loeo
667 1184 745 1260 apto
765 1196 799 1239 se
818 1175 1039 1260 proiecerunt.
1074 1183 1107 1238 et
1126 1172 1296 1236 reddentes
1315 1192 1395 1236 wm

284 1303 404 1367 panes,
426 1293 462 1346 ut
484 1282 708 1358 comederant,
733 1282 1035 1368 apprehendissent,
1058 1283 1093 1345 in
1114 1301 1190 1346 saxa
1211 1281 1289 1346 versi
1313 1292 1392 1344 suut

284 1402 317 1456 et
347 1391 487 1476 lapides,
519 1392 575 1476 qui
607 1389 713 1456 adhuc
742 1390 859 1457 ibidem
885 1392 922 1455 in
954 1393 1094 1456 claustro
1125 1399 1303 1455 senmrur.
1347 1391 1393 1454 At

284 1521 361 1566 vero
391 1501 470 1564 dum
498 1500 640 1564 reseratis
670 1499 817 1565 vinorum
848 1501 989 1565 claustris
1010 1498 1194 1563 adamatum
1215 1499 1391 1582 comparis·

284 1617 357 1672 sent
387 1608 546 1672 contineri
577 1608 750 1693 liquorem,
784 1629 873 1673 suam
894 1609 1038 1694 gulosam
1057 1607 1264 1692 explerenmt
1282 1606 1391 1692 inglu·

283 1717 386 1793 mem,
427 1727 459 1782 et
496 1737 596 1801 quum
626 1716 775 1781 inebriati
803 1717 940 1785 invicem
969 1725 1146 1781 tractarent
1177 1715 1219 1778 de
1248 1716 1391 1800 praedae

283 1825 389 1912 spoliis
416 1824 614 1897 dividendis,
649 1824 691 1888 de
721 1845 801 1888 auro
830 1825 975 1890 videlicet
995 1835 1027 1889 et
1049 1835 1181 1911 argento
1202 1845 1271 1890 non
1291 1825 1386 1904 abis,

282 1955 388 2019 neque
418 1933 513 1998 etiam
543 1932 762 2009 existentibus,
799 1933 855 1998 Dei
875 1934 1105 2019 omnipotentis
1124 1941 1207 1997 nutu
1227 1933 1386 1998 discordia

282 2043 367 2106 inter
393 2063 447 2108 eoa
475 2053 585 2108 exorta
616 2053 681 2118 est,
713 2044 749 2106 in
782 2053 924 2121 tantum,
946 2053 982 2106 ut
1001 2043 1035 2106 in
1054 2042 1135 2107 duas
1154 2044 1237 2106 irent
1257 2051 1385 2127 partes,

283 2151 341 2238 qui
368 2171 488 2236 magno
517 2151 632 2218 furoris
661 2151 816 2217 incendio
845 2153 880 2217 in
901 2173 965 2218 sese
983 2152 1118 2227 invecti,
1152 2151 1248 2216 armis
1266 2161 1298 2216 et
1317 2151 1387 2236 gla-

283 2261 359 2337 diis,
383 2259 498 2346 quibus
517 2270 645 2339 sanctos
666 2270 880 2345 peremerant,
902 2260 1039 2326 invicem
1059 2259 1255 2326 ceciderunt.
1297 2258 1385 2322 Tunc

283 2389 399 2454 magna
430 2367 542 2432 turbae
572 2368 757 2432 insanientis
784 2377 874 2452 parte
894 2378 1075 2453 prostrata,
1108 2368 1287 2452 superstites
1306 2387 1385 2452 pro·

282 2485 382 2542 ruunt
411 2475 456 2540 ad
475 2475 665 2539 somniatum
684 2474 883 2554 tbesaumm,
915 2488 948 2554 et
970 2477 1142 2542 contractis
1161 2475 1314 2540 librorum
1334 2497 1385 2540 ra·

283 2584 458 2670 positoriis,
491 2605 553 2670 pro
583 2604 663 2649 auro
694 2594 725 2650 et
756 2595 887 2670 argento
908 2586 1032 2652 divinae
1052 2587 1202 2654 scientiae
1222 2585 1386 2650 volumina

284 2704 316 2762 et
335 2693 461 2761 ebartas
481 2705 672 2780 repererunt.
714 2694 830 2780 ltaque
849 2715 917 2760 non
937 2696 1088 2769 invento,
1122 2695 1174 2760 cui
1193 2693 1382 2770 inhiabant,

186 2831 191 2843 ·
283 2804 412 2868 metallo
444 2802 651 2875 insanientes,
685 2801 832 2877 codices,
865 2823 948 2889 quos
976 2804 1183 2880 invenerunt,
1216 2801 1294 2866 alios
1324 2821 1388 2886 per

283 2912 389 2994 campi
409 2909 569 2993 planitiem
590 2907 820 2990 disperserunt,
843 2912 921 2974 alios
940 2911 974 2974 in
997 2912 1220 2977 arundinetum
1241 2912 1386 2996 proiece-

282 3028 380 3094 runt,
412 3016 489 3080 alios
514 3015 550 3077 in
579 3014 704 3080 dirersis
732 3015 920 3102 quibuslibet
949 3019 1028 3086 locis
1048 3019 1278 3085 abscondentes
1299 3019 1386 3085 abie-

284 3135 409 3193 cerunt.
452 3123 570 3186 Triduo
600 3133 705 3188 autem
736 3125 860 3210 expleto
889 3137 962 3211 post
985 3136 1170 3192 sanctorum
1202 3149 1314 3192 necem
1335 3149 1386 3192 ss·

283 3246 376 3319 trapa
408 3231 541 3318 quidam
568 3231 722 3306 ulterioris
740 3233 854 3300 Frisiae
875 3234 1082 3312 christianus,
1120 3236 1230 3300 audita
1250 3237 1386 3323 indigna

283 3363 361 3408 nece
381 3349 582 3415 sanctorum,
615 3359 690 3406 cum
709 3341 851 3424 pluribus
870 3341 1059 3410 bellatorum
1079 3347 1226 3420 veniens,
1249 3344 1385 3410 adiunc-

284 3454 323 3518 tis
342 3450 401 3517 sibi
420 3449 532 3515 ricinis
552 3448 749 3526 christianis,
773 3451 894 3516 flumen
915 3451 1065 3518 Laricum
1085 3453 1228 3528 traiecit,
1264 3464 1295 3518 et
1316 3474 1384 3518 orn·

284 3583 342 3627 nes
360 3580 461 3646 pagos
479 3559 605 3623 illorum
625 3559 821 3645 perfidorum
842 3561 1028 3626 camificum
1039 3561 1251 3649 depopulatus
1268 3572 1321 3630 est.
1345 3562 1384 3626 Et

283 3671 446 3734 universos
465 3668 631 3752 indigenas
650 3666 684 3730 in
704 3668 858 3732 ultionem
878 3679 1061 3736 sanctorum
1081 3671 1385 3746 aliostrucidaruut,

284 3775 362 3844 alios
391 3773 570 3839 eliminatos
599 3795 618 3838 a
647 3773 752 3856 patria
778 3776 995 3859 propulerant.
1037 3779 1090 3844 Sic
1110 3780 1198 3865 impii
1220 3780 1386 3846 carnifices

283 3888 380 3956 vitam
401 3883 491 3948 amul
512 3901 586 3948 cum
615 3882 719 3966 patrio
739 3883 808 3947 solo
827 3893 859 3948 ct
879 3883 1055 3952 substantia
1075 3888 1292 3972 perdiderunt.
1333 3888 1385 3954 dio

285 3995 491 4080 omnipotens
509 3989 622 4056 mundi
643 3989 796 4056 conditor
816 3993 922 4060 ulcisci
942 4015 976 4060 se
995 3989 1093 4061 tatuit
1114 3995 1156 4061 de
1175 3997 1326 4073 inimicis,
1354 4007 1385 4061 et

283 4108 386 4170 lusum
414 4124 473 4188 pro
504 4123 535 4166 se
562 4101 746 4188 sanguinem
777 4112 958 4168 sanctorum
980 4116 1135 4170 consueto
1165 4107 1299 4172 iustitiae
1318 4107 1386 4170 celo

282 4212 405 4301 punire.
447 4212 547 4276 Porro
568 4211 654 4288 libri,
679 4209 734 4296 qui
762 4210 804 4278 ab
824 4211 924 4296 impiis
945 4211 1031 4280 tuere
1051 4213 1198 4299 dispersi,
1223 4217 1271 4286 rel
1290 4216 1384 4283 etiam
