2950 5144
303 471 345 536 76
741 471 962 538 Wottttsttl

302 635 469 720 legationis
488 645 517 699 et
537 635 734 701 auctoritatis
755 640 941 705 commissae
952 651 1065 708 saneto
1077 641 1310 722 Willibrordo,
1325 658 1419 732 post-

300 764 399 829 quam
420 742 584 808 ordinatus
604 754 682 809 esset
703 744 745 809 ab
765 767 824 820 eo,
850 757 885 810 ut
905 749 951 814 sic
972 751 1230 816 contradicentes
1250 757 1420 823 revincere

298 863 329 918 et
349 872 495 936 superare
516 852 646 917 valeam.
681 853 735 917 Sin
756 864 862 920 autem
884 857 974 922 aliter
996 869 1068 925 tuae
1090 861 1213 926 videtur
1232 866 1417 943 sanctitati,

299 960 334 1025 id
355 960 430 1024 mibi
450 960 609 1026 indusiato
629 980 693 1024 non
713 963 859 1046 graveris.

339 1176 436 1242 Huius
464 1175 614 1260 epistolae
643 1176 789 1241 nondum
821 1178 945 1262 expleto
978 1183 1132 1268 negotio,
1168 1206 1231 1252 nec
1253 1209 1416 1274 responso

300 1293 455 1369 accepto,
488 1282 599 1346 beatus
630 1284 815 1350 bonifacius
850 1286 948 1351 vitam
979 1293 1130 1376 martyrio
1164 1301 1411 1366 consummavit.

299 1390 373 1455 Post
403 1393 491 1456 cuius
522 1412 635 1456 necem
665 1393 868 1458 Traiectensis
896 1397 1028 1462 ecclesia
1063 1400 1170 1468 adhuc
1202 1405 1289 1470 rudis
1311 1419 1344 1472 et
1366 1418 1413 1475 te·

296 1501 369 1565 nnis
406 1502 651 1585 metropolitana
692 1501 847 1588 dignitate
890 1507 1013 1582 caruit,
1055 1512 1216 1594 quoniam
1261 1516 1416 1583 adversus

299 1606 515 1673 Coloniensem
547 1609 713 1675 ecclesiam
745 1611 870 1696 magnis
891 1610 1004 1693 opibus
1025 1615 1249 1686 abundantem
1271 1625 1315 1690 de
1336 1649 1412 1692 cae·

299 1723 368 1778 tero
400 1723 482 1778 stare
512 1735 582 1780 non
613 1719 728 1803 potuit.
771 1717 852 1782 'lota
883 1720 1009 1804 insuper
1039 1724 1245 1795 Traiectensis
1276 1733 1415 1800 diocesis

297 1833 370 1908 post
399 1843 469 1888 non
497 1823 630 1918 longum
662 1835 786 1909 tempus
816 1827 911 1892 Dauis
931 1829 1119 1898 irruentibus
1139 1845 1170 1898 et
1192 1842 1413 1923 grassantibus

299 1932 492 2019 depopulata
533 1944 589 1998 est.
643 1934 846 2018 Quapropter
888 1947 1017 2022 urgente
1057 1963 1175 2029 magna
1216 1951 1415 2015 necessitatis

298 2041 409 2126 inopia
437 2041 577 2126 episcopi
605 2041 810 2108 Traiectensis
829 2042 1014 2111 Romanam
1037 2052 1157 2116 curiam
1178 2077 1241 2139 pro
1262 2078 1322 2122 suo
1343 2060 1412 2125 iure

298 2147 517 2236 persequendo
550 2148 637 2214 adire
664 2170 732 2214 non
764 2150 923 2230 valentes,
957 2171 1162 2243 susceperunt
1184 2165 1336 2232 aricino
1359 2190 1411 2233 ar·

299 2258 520 2344 cbiepiscopo,
554 2259 671 2324 scilicet
703 2259 901 2336 Coloniensi,
936 2262 1107 2349 simplicem
1128 2268 1407 2352 benedictionem,

296 2367 377 2433 sicut
408 2365 557 2440 abbates,
589 2367 657 2430 sine
688 2366 780 2430 mitra
810 2368 985 2450 pontificali
1016 2373 1117 2462 longo
1150 2387 1294 2465 tempore
1325 2383 1414 2450 cele*

297 2475 439 2552 beantes,
462 2495 519 2558 per
540 2494 646 2538 annos
665 2474 729 2539 sere
750 2475 892 2544 cccxxiv.

799 2699 879 2731 Ξαὲ

310 2909 370 2965 lte
393 2906 689 2977 praedicatione
707 2909 888 2982 creperet
905 2916 1018 2974 tertii
1035 2921 1212 2992 episcopt
1228 2921 1394 2984 helec·

361 3000 484 3056 tensis
502 3000 544 3056 et
561 3000 670 3058 nostr
688 3003 901 3064 wttletrsdt
917 3011 1037 3080 prtmt
1054 3016 1233 3086 episcopt
1250 3017 1349 3076 lte-

387 3094 530 3151 mensis
547 3107 620 3163 per
636 3095 816 3155 Frtstam.
846 3101 896 3156 ltt
912 3100 1051 3163 beatus
1070 3106 1315 3170 winebertus

622 3189 664 3244 tn
688 3191 864 3250 llocltum
882 3194 1089 3256 constavit.

747 3365 835 3433 CAP.
857 3369 923 3436 XX.

328 3554 452 3620 Mortuo
473 3541 669 3622 sanctissimo
701 3557 870 3626 Bcnilacic
893 3574 1029 3651 martyre
1048 3579 1081 3632 et
1102 3573 1249 3655 meando
1271 3577 1397 3644 archie-

285 3664 418 3747 piscopo
460 3663 650 3730 traiectensi
687 3669 832 3734 successit
864 3672 893 3735 ei
923 3673 956 3738 in
987 3677 1173 3763 episcopatu
1203 3683 1398 3752 Traiectensi

284 3769 396 3836 beatm
425 3768 608 3853 Gregorius,
640 3772 687 3836 sir
716 3773 829 3841 doctus
850 3789 881 3842 et
902 3793 1053 3866 sanctus;
1087 3811 1184 3878 quem
1206 3793 1396 3862 bonifacius

285 3887 362 3946 ante
382 3886 515 3944 mortem
536 3898 626 3942 suam
646 3878 703 3944 sibi
723 3903 934 3954 successorem
955 3894 1169 3967 ordinaverat.
1213 3901 1276 3983 Qui
1297 3925 1393 3990 prae·

264 4021 270 4028 =·
283 3985 476 4052 dicationem
506 3984 701 4054 Christianae
731 3991 827 4070 fidei,
861 4016 920 4082 per
950 4013 1080 4069 sanctos
1110 4008 1288 4076 decessores
1319 4036 1393 4080 suos

282 4091 521 4160 Willibrordum
552 4105 583 4160 et
615 4095 815 4166 bonifacium
847 4107 1012 4193 episcopos
1042 4113 1077 4177 in
1100 4114 1194 4182 Frisia
1216 4131 1386 4206 coeptam,

281 4200 420 4269 studiose
452 4205 626 4271 meandum
651 4211 789 4291 gratiam
823 4237 840 4278 a
874 4215 939 4282 Deo
959 4217 1016 4286 sibi
1039 4222 1148 4290 datam
1171 4230 1389 4302 continuarit.
