2916 5150
13 667 15 698 i

474 503 720 571 cuitottlcott.
1089 505 1149 571 tta

65 671 108 734 die
134 668 310 734 Decembris
341 679 372 734 et
392 671 425 736 in
446 671 608 756 ligmonda
629 671 766 756 sepultus
786 681 841 736 est.
885 670 1037 755 Tempore
1058 672 1147 736 huius

13 807 14 830 a
64 777 189 852 comitia,
221 797 308 842 anno
337 778 480 844 videlieet
501 779 628 844 Domini
657 778 809 854 mlxxxvi,
835 778 986 864 Egbertus
1005 779 1148 844 marchio

13 897 15 984 t
64 885 380 972 Brandenburgenais,
413 896 544 971 propter
575 886 682 952 odium
713 887 796 950 inter
824 887 925 971 ipsum
957 898 987 952 et
1018 888 1149 952 comites

13 995 14 1020 ¹
64 995 237 1061 fluitandiaa
267 1003 371 1059 ortum
401 1004 542 1079 tempore
572 993 755 1059 Theoderici
784 995 889 1079 quinti
919 995 1041 1059 comitis
1071 995 1147 1060 floi-

13 1157 14 1160 ,
63 1103 192 1178 landiae,
225 1103 376 1186 ingressus
408 1121 481 1167 oum
513 1101 618 1166 valido
648 1103 785 1167 exercitu
806 1101 999 1168 Orientalem
1020 1102 1147 1168 Friaiarn

63 1223 91 1276 ut
107 1212 158 1276 sihi
178 1212 264 1276 iliam
284 1209 459 1276 subiiceret.
505 1211 648 1274 Frisones
678 1219 781 1274 autem
803 1208 880 1274 odio
901 1210 1051 1276 uomitum
1071 1213 1147 1277 Hol-

63 1319 171 1384 iandiae
192 1317 280 1382 haud
300 1316 452 1402 gravatim
473 1317 515 1380 iiii
553 1317 805 1390 consentientes,
839 1317 958 1400 potitus
978 1329 1023 1382 est
1042 1319 1147 1384 domi·

13 1423 15 1486 t
63 1430 111 1491 nio
126 1428 246 1492 Friaae.
291 1425 402 1491 Postea
432 1445 506 1490 vera
526 1425 610 1491 idem
631 1425 774 1492 marchio
795 1423 946 1490 rebellans
966 1425 1148 1510 imperatori

59 1536 183 1600 ilenrico
210 1545 333 1622 quarto
362 1534 465 1618 piures
496 1543 592 1598 terras
622 1534 655 1598 in
677 1533 816 1598 saxonia
849 1553 889 1598 ao
910 1531 1074 1620 Thuringia
1096 1535 1147 1598 in·

13 1663 14 1666 ’
63 1644 153 1709 citarit
189 1651 307 1708 contro
348 1642 578 1726 imperatorem.
631 1641 736 1723 Quare
769 1639 950 1726 indignatus
978 1642 1148 1725 imperator

13 1739 15 1758 ⁵
63 1753 173 1826 omnia,
204 1771 293 1838 quae
312 1751 471 1835 praeferas
490 1747 632 1814 marchio
652 1747 851 1833 possederat.
885 1747 941 1812 sibi
963 1759 994 1814 et
1015 1748 1145 1833 imperio

63 1861 242 1926 confiscavit.
286 1858 378 1922 Tuno
398 1854 565 1922 Conradus
585 1855 745 1921 moesimus
764 1856 924 1920 meundus
944 1855 1148 1922 Traiectanris

62 1969 205 2052 episcopus
237 1965 415 2050 impetrarit
445 1962 487 2027 ab
518 1963 706 2046 imperatore
732 1983 792 2046 pra
813 1964 945 2030 eoolesia
965 1984 1021 2028 sua
1044 1964 1147 2028 domi·

63 2077 136 2138 nium
177 2075 217 2140 de
260 2073 410 2157 Oestergo
444 2081 474 2134 et
508 2071 670 2156 Westergo
713 2079 867 2154 perpetua
909 2073 1145 2155 possidendum.

63 2185 151 2264 Quam
170 2182 380 2248 donationem
401 2180 485 2243 idem
506 2176 658 2242 Hearious
679 2187 809 2262 quartus
829 2177 921 2240 literis
941 2177 1027 2261 regio
1048 2179 1146 2262 sigilio

63 2293 172 2356 munitis
202 2289 428 2364 confirmavit,
461 2304 548 2350 anno
579 2285 703 2349 Domini
735 2285 909 2360 mlxxxviii,
940 2285 978 2348 vii
999 2285 1069 2348 idus
1089 2285 1146 2348 Fe·

64 2399 172 2465 binarii.

78 2859 126 2913 ne
143 2855 344 2915 Florentio
362 2849 554 2918 seeundo,
583 2848 723 2904 aoranae
741 2848 879 2904 octavo
897 2841 1129 2900 llollanrliae

456 2941 497 2997 et
515 2939 739 2995 zelandiae.

508 3140 595 3206 CAP.
620 3138 689 3204 Vll.

98 3366 268 3430 Florentius
297 3357 453 3424 secundus
484 3356 565 3420 filius
595 3353 776 3418 Theoderici
807 3353 907 3417 iactus
942 3366 986 3416 ost
1019 3365 1148 3418 octavus

64 3493 156 3538 eomes
165 3468 356 3538 Hoiiandiae
376 3479 407 3530 et
419 3464 608 3537 Zeiandiae.
632 3463 687 3526 aad
712 3461 854 3523 Frisones
876 3462 961 3546 iiiam
984 3462 1148 3524 admittere

65 3583 231 3646 noluerunt.
264 3579 394 3660 iamper
414 3571 628 3640 occidentales
649 3568 788 3632 Frisones
809 3567 931 3630 comitis
953 3587 1011 3630 neo
1031 3567 1149 3629 iudices

64 3708 116 3754 nee
134 3691 252 3775 legatos
264 3685 400 3768 racipere
412 3682 589 3753 voluerunt,
602 3675 815 3760 volebantque
835 3673 966 3757 pristina
986 3674 1047 3737 frui
1058 3675 1150 3738 iiber·

65 3804 136 3872 tate,
166 3819 229 3862 neo
261 3795 350 3858 uilius
381 3790 438 3854 nisi
460 3788 591 3853 caesaris
610 3795 738 3850 tantum
761 3783 904 3848 dominia
925 3783 1055 3848 subiecti
1075 3805 1150 3848 esse.

63 3903 97 3967 in
114 3903 299 3990 quibusdam
321 3897 503 3964 Holiandiae
524 3894 661 3958 cronicis
680 3893 828 3974 legimus,
851 3891 938 3956 huno
959 3893 1150 3958 Florentium

64 4017 201 4078 comitem
222 4013 312 4076 huius
333 4005 473 4072 nominis
494 4000 668 4065 secundum
690 4001 869 4083 impetrasse
891 4021 909 4060 a
933 3997 1080 4061 Lothario
1104 4021 1151 4062 sa·

65 4121 163 4184 eundo
194 4122 383 4204 imperatore
416 4111 592 4176 dominium
623 4106 788 4170 Orientaiis
808 4105 940 4179 Posiae,
973 4107 1088 4172 scilieet
1112 4108 1151 4171 de

64 4204 221 4314 Oestergna
240 4239 270 4293 et
293 4227 493 4307 Weatergoe3
517 4217 606 4302 quod
628 4213 793 4280 Conradus
815 4213 974 4278 vicesimus
995 4217 1151 4280 secundas
