2916 5150
287 475 347 540 ru
726 445 948 532 Wonrunr

285 643 431 707 Infantes
450 639 494 703 ad
514 635 612 702 ubera
634 633 742 701 matria
761 633 941 718 pendentes
962 632 1044 696 iuter
1064 631 1226 715 amplexus
1248 629 1391 693 morien·

288 753 365 814 tium
397 745 612 832 exspirabant.
663 743 833 827 Octoginta
876 742 960 806 milia
1002 741 1173 826 promiscui
1213 759 1303 802 sexus
1348 737 1392 802 ab

284 859 415 926 exordio
435 855 610 921 obsidionis
630 853 790 937 perierunt
810 851 845 914 in
867 851 1010 926 civitate,
1042 848 1180 930 exceptis
1210 846 1272 923 eis,
1305 867 1393 931 quos

285 987 380 1031 sanos
409 966 456 1031 vel
488 962 654 1050 languidos
682 959 845 1026 Christiani
876 961 910 1023 in
943 959 1069 1024 civitate
1088 957 1298 1033 invenerant,
1332 956 1393 1041 qui

285 1075 418 1160 amplius
437 1093 536 1159 quam
556 1070 615 1134 tria
637 1077 730 1134 eraut
751 1067 853 1142 milia,
876 1067 934 1152 qui
954 1086 1064 1130 omnes
1084 1073 1138 1128 aut
1158 1063 1274 1127 mortui
1294 1073 1390 1139 sunt,

287 1193 341 1246 aut
372 1180 511 1255 venditi.
544 1188 598 1242 aut
628 1175 790 1261 baptizati.
836 1175 957 1238 Deinde
987 1193 1078 1238 auno
1111 1171 1235 1236 Domini
1265 1170 1392 1235 mccxxi

289 1309 397 1354 meuse
439 1287 552 1361 Iunio,
584 1283 695 1370 egressi
737 1281 904 1348 Christiani
947 1281 987 1345 de
1020 1281 1161 1345 llamiata
1192 1279 1394 1343 intraverunt

288 1401 465 1484 Aegyptum
486 1415 561 1460 cum
578 1394 690 1459 virtute
710 1412 837 1476 magna.
869 1389 932 1454 Sed
952 1391 984 1455 in
1004 1389 1068 1453 line
1079 1388 1206 1472 Augusti
1228 1408 1247 1450 a
1269 1385 1394 1449 soldani

286 1523 476 1592 regumque,
513 1501 569 1587 qui
590 1521 663 1566 cum
683 1519 724 1563 eo
744 1508 837 1563 erant
858 1498 997 1562 exercitu
1018 1516 1138 1584 magno
1158 1507 1190 1560 et
1209 1493 1305 1570 lorti,
1328 1515 1393 1560 nec

288 1634 359 1677 non
382 1621 412 1676 et
434 1630 589 1696 aquarum
610 1606 827 1672 inundatione
848 1605 1053 1679 circumdati,
1078 1614 1109 1668 et
1131 1604 1220 1668 omni
1241 1613 1394 1687 exparte

289 1722 398 1788 afflicti
428 1730 459 1784 et
490 1719 636 1783 diminuti
657 1717 762 1782 coacti
781 1725 855 1779 sunt
877 1714 1138 1799 compositionem
1160 1734 1233 1778 cum
1253 1711 1395 1776 soldano

287 1833 393 1896 iacere
412 1829 449 1891 iu
469 1836 552 1890 terra
572 1824 726 1910 Aegypti,
749 1844 788 1886 ea
808 1821 951 1886 videlicet
972 1821 1179 1896 conditione,
1197 1820 1397 1885 utsoldanus

289 1941 411 2024 lignum
432 1944 565 1999 sanctae
585 1931 708 2007 erucis,
731 1929 821 2014 quod
843 1929 918 1993 olim
939 1929 972 1992 in
991 1929 1113 2012 proelio
1134 1927 1315 1993 Christianis
1334 1928 1397 1993 ab·

291 2046 438 2115 sudarat.
464 2061 538 2108 cum
559 2038 707 2104 omnibus
728 2037 860 2123 captivis
878 2056 1087 2122 quocumque
1097 2045 1238 2120 tempore
1248 2037 1351 2120 captis
1359 2037 1396 2100 in

292 2173 388 2241 reguo
417 2149 592 2237 Babylonis
611 2149 659 2215 rel
685 2146 838 2213 Coradini
858 2156 1014 2231 potestate
1034 2146 1192 2222 detentis,
1217 2146 1399 2212 Christianis

293 2263 482 2337 restituerer.
526 2268 558 2323 et
589 2276 719 2321 omnem
749 2254 960 2320 Christianum
989 2255 1158 2319 exercitum
1187 2255 1222 2316 in
1250 2259 1399 2341 Aegypto

292 2389 449 2457 aquarum
469 2364 677 2430 inundatione
706 2362 915 2439 conclusum,
950 2383 1024 2428 oum
1045 2362 1193 2428 omnibus
1213 2363 1307 2426 rebus
1327 2385 1401 2429 mo·

292 2474 406 2541 bilibus
436 2470 569 2536 liberum
601 2469 687 2534 abire
719 2468 921 2553 permitteret.
976 2471 1014 2535 Et
1043 2469 1208 2536 Christiani
1238 2472 1400 2537 civitatem

292 2581 469 2648 Damiatem
497 2600 572 2644 cum
591 2578 653 2642 suis
684 2576 875 2662 appenditiis
896 2599 958 2644 nec
979 2599 1049 2644 nou
1070 2589 1101 2644 et
1122 2581 1264 2664 captivos
1285 2602 1402 2648 omnes

293 2692 484 2765 Saracenos,
506 2707 590 2773 quos
610 2686 644 2750 in
666 2685 792 2751 duobus
811 2686 912 2772 regnis
923 2688 1054 2774 Aegypti
1075 2687 1218 2752 videlicet
1237 2698 1269 2752 et
1288 2687 1402 2754 Ibem·

292 2802 389 2866 salem
410 2796 599 2864 detinebant
620 2795 759 2860 soldano
779 2795 986 2860 restituerent.
1018 2796 1055 2861 Et
1066 2796 1111 2861 sic
1123 2797 1267 2860 Damiata
1280 2810 1402 2881 potens

293 2908 426 2996 Aegypti
458 2905 566 2970 civitas
597 2904 640 2967 ad
671 2902 850 2967 incredulos
880 2904 945 2968 cito
976 2903 1078 2971 rediit.
1122 2903 1257 2968 Causam
1291 2915 1401 2970 autem

293 3015 387 3100 pouit
408 3009 559 3078 Oliverius
579 3011 614 3074 in
635 3010 749 3075 eodem
770 3010 852 3075 libro
873 3012 1004 3077 diceus:
1036 3013 1117 3094 Quia
1139 3012 1306 3077 Christiani
1327 3023 1402 3098 post

293 3131 424 3207 captam
445 3118 604 3185 civitatem
624 3118 718 3182 nimis
748 3119 814 3183 lteo
846 3129 877 3184 et
909 3118 1090 3185 bominibus
1118 3121 1229 3206 ingrati
1262 3122 1401 3188 fuerant.

292 3231 375 3296 llam
407 3238 442 3292 ut
473 3228 534 3292 alia
568 3227 699 3312 (inquit)
732 3228 992 3313 praetermittam,
1030 3228 1152 3293 donata
1184 3229 1314 3295 coelitus
1346 3232 1401 3294 illa

294 3338 453 3412 civitate,¹
472 3336 506 3399 in
538 3333 786 3400 distributionem
806 3337 947 3418 praedae
967 3337 999 3400 in
1022 3358 1060 3401 ea
1082 3347 1242 3422 repertae,
1274 3337 1401 3404 Christo

292 3446 431 3534 largitori
462 3443 605 3508 omnium
636 3441 793 3508 bonorum
823 3443 946 3508 decima
974 3465 1043 3508 non
1076 3446 1264 3511 solvebatur.
1305 3446 1402 3511 Simi-

292 3557 363 3621 liter
383 3554 417 3618 in
438 3550 659 3616 distributione
681 3551 811 3617 turrium
833 3561 865 3614 et
886 3551 1073 3630 domorum,
1105 3575 1184 3638 gens
1211 3554 1264 3618 illa
1284 3556 1402 3621 lauda·

293 3662 362 3727 bilis
393 3670 425 3724 et
454 3670 582 3724 strenua
613 3659 860 3724 Teutonicorum
890 3659 1006 3724 scilicet
1038 3670 1068 3723 et
1099 3661 1282 3739 husonum,
1314 3686 1402 3749 quae

295 3791 315 3834 a
346 3765 502 3852 principio
533 3785 650 3850 magna
674 3765 786 3832 virtute
809 3767 984 3831 Damiatam
1007 3770 1176 3854 applicuit,
1201 3781 1258 3835 aut
1278 3772 1402 3837 nullam

294 3875 405 3941 habuit
434 3879 550 3936 sortem
572 3891 613 3935 au
635 3871 724 3935 vilem
757 3883 788 3936 et
810 3873 962 3940 ultimam.
1007 3875 1088 3941 Cum
1109 3886 1218 3941 tamen
1239 3877 1281 3940 de
1302 3879 1403 3942 classe

294 4001 499 4072 coggonum,
534 4001 613 4064 quas
641 3979 789 4055 adduxit,
825 3981 1009 4046 victualibus
1029 3993 1060 4047 et
1083 3985 1176 4048 armis
1195 3996 1299 4050 castra
1319 3987 1405 4051 fide·

296 4092 371 4154 lium
400 4091 518 4174 repleta
549 4089 696 4164 luissent,
731 4090 823 4153 turris
854 4090 994 4154 fluminis
1023 4101 1141 4176 capta,
1176 4094 1326 4157 transitus
1359 4093 1404 4158 ad

296 4198 474 4281 oppositam
517 4197 619 4282 ripam
649 4209 875 4283 praeparatus,
920 4218 1005 4283 pons
1033 4201 1174 4286 superior
1205 4213 1237 4266 et
1268 4202 1403 4268 inlerior
