2928 5148
496 481 743 549 uunotttcott.
1128 483 1174 548 93

174 695 234 754 lte
252 697 376 754 morte
393 695 568 755 lttxtrtrlt
586 697 764 769 episcopt
781 696 823 753 et
840 695 1068 766 episcopatu

437 789 565 846 sancti
581 788 799 848 ltrerlertct.

524 987 612 1054 CAP.
635 989 730 1054 XXX.

109 1179 195 1246 Heco
226 1179 306 1244 dum
334 1190 526 1264 egerentur,
558 1179 694 1244 moritur
726 1177 887 1243 Rixiridus
906 1179 1073 1273 episcopus
1093 1180 1170 1244 Tru·

64 1287 211 1354 ieotensis
250 1288 385 1352 natione
423 1288 528 1363 Fuso,
573 1287 722 1354 doctrine
747 1296 786 1352 et
817 1288 986 1353 sanctitate
1016 1288 1166 1374 insignis,

65 1415 161 1460 anno
200 1394 328 1458 Domini
360 1393 478 1478 viiiqxxi
510 1395 628 1480 quinto
660 1395 711 1459 die
738 1395 855 1459 mensis
885 1392 1044 1458 Octobris.
1096 1394 1169 1475 Quo

64 1502 248 1568 honorifice
277 1503 398 1587 sepulto
430 1504 530 1568 clerus
562 1513 592 1570 et
621 1505 759 1588 populus
787 1503 897 1569 dicunt
928 1523 961 1566 se
982 1521 1053 1566 non
1074 1501 1170 1566 ulium

65 1610 179 1696 eligere
202 1611 411 1696 episcopum,
434 1633 532 1698 quem
552 1611 762 1678 Frederieum.
805 1611 936 1676 Interim
957 1629 1012 1674 rex
1031 1609 1170 1675 Ludori-

66 1738 126 1782 cus
155 1717 262 1784 Coreli
292 1720 401 1804 megni
428 1719 510 1785 filius
536 1720 598 1804 ⁶(de
627 1741 695 1806 quo
727 1720 831 1805 cupite
851 1718 1088 1804 praecedenti).
1112 1718 1170 1804 qui

66 1835 149 1892 turre
192 1848 232 1891 ne
264 1828 589 1893 excommunicaretur
621 1828 664 1892 nb
693 1827 847 1912 episcopis
877 1835 1008 1911 propter
1039 1836 1169 1911 neptem

63 1953 177 2008 suem,
210 1955 308 2017 quem
338 1935 372 1998 in
402 1956 533 2000 uxorem
563 1936 712 2012 duxerat,
745 1935 781 1999 in
813 1934 913 1999 cattia
945 1953 1077 2000 manere
1096 1953 1169 1998 non

63 2040 225 2119 trudebat.
261 2043 296 2106 in
328 2041 496 2108 Germania
517 2042 602 2106 iuxta
623 2041 773 2106 Rhenum
795 2040 969 2118 manebat,
1003 2050 1168 2126 comperto

61 2150 203 2216 Rixiridi
235 2150 374 2234 episcopi
395 2147 487 2212 obitu
506 2167 563 2231 per
583 2148 702 2234 legatos
721 2168 794 2212 suos
812 2147 978 2230 mandevit
998 2147 1169 2212 senioribus

61 2257 217 2323 ecciesiae
259 2256 482 2331 Treieotensis‚
527 2263 562 2319 ut
593 2255 722 2320 beatum
753 2253 953 2320 Fredericum
986 2253 1168 2340 episcopum

57 2367 304 2440 acclamarent,
331 2375 367 2428 et
398 2364 533 2429 electum
562 2363 605 2426 ad
626 2365 691 2428 eius
712 2364 863 2428 ducerent
883 2363 1062 2448 palatium,
1097 2383 1169 2428 nes·

54 2477 152 2541 ciens
181 2493 309 2537 omnem
339 2472 494 2557 poputum
515 2471 652 2536 eundem
683 2473 746 2536 ium
767 2472 901 2557 elegisse.
944 2471 1034 2537 Tunc
1054 2471 1169 2538 Frede-

55 2586 150 2648 ricus
171 2603 255 2647 -cum
285 2579 460 2646 senioribus
482 2580 639 2645 ecciesiae
660 2580 864 2644 Treiectensis
883 2601 1013 2666 surgens
1032 2583 1167 2667 perrexit

55 2690 111 2757 ed
138 2711 254 2776 regern.
297 2689 358 2771 Qui
388 2687 475 2751 illum
505 2687 662 2752 accersitis
682 2685 836 2770 episcopis
857 2686 923 2750 eliis
942 2687 1013 2751 lieet
1032 2689 1167 2755 inritum

56 2811 98 2868 et
136 2800 270 2864 muitum
310 2797 495 2861 renitentem
536 2795 571 2859 in
612 2815 669 2858 sue
693 2792 878 2879 ¹praesentit
906 2793 993 2857 'iussit
1025 2795 1167 2861 ordinari

63 2909 262 2995 episcopum.
304 2905 377 2987 Quo
410 2912 539 2987 peracto
570 2902 742 2986 imperator
774 2901 893 2966 clerum
925 2909 957 2965 et
978 2920 1090 2966 omnes
1109 2904 1167 2988 qui

65 3017 199 3083 ederunt
230 3013 352 3078 nobiles
382 3012 499 3097 pariter
518 3021 549 3076 et
570 3009 726 3096 ignobiles
747 3008 789 3073 ed
810 3029 900 3073 suum
920 3009 1064 3076 invitavit
1085 3032 1166 3078 con·

64 3125 200 3200 virium,
232 3132 329 3208 etque
357 3129 488 3205 propter
518 3117 574 3183 viri
606 3119 661 3183 Dei
691 3137 832 3182 amorem
864 3119 948 3182 diem
977 3119 1065 3184 illum
1093 3143 1166 3187 cum

64 3253 186 3320 magne
216 3229 333 3298 laetitio
362 3226 557 3314 perducebat
587 3227 629 3292 ed
650 3246 823 3310 uesperum.
865 3225 999 3292 Peracto
1020 3230 1166 3298 convivio

64 3366 120 3412 rex
140 3361 247 3408 seeum
267 3341 393 3405 volvens
410 3336 447 3400 in
470 3335 598 3412 animo,
621 3355 654 3398 se
674 3333 754 3399 forte
772 3343 903 3418 propter
923 3335 1064 3400 illicitum
1085 3358 1167 3403 con·
1269 3417 1274 3424 ‚

63 3451 196 3518 nubium
226 3449 261 3512 in
292 3445 399 3510 futuro
428 3463 521 3530 posse
542 3463 562 3506 a
583 3440 678 3507 bento
698 3441 863 3506 Frederico
884 3442 1046 3517 maledici.
1083 3445 1167 3511 iussit

63 3559 152 3626 ilium
184 3555 328 3624 accersiri
360 3564 391 3620 et
423 3573 551 3630 eorem,
591 3549 648 3637 qui
689 3548 839 3625 ederent,
870 3548 1024 3633 episcopis
1056 3550 1168 3618 talibus

65 3668 239 3753 alloquitur
259 3662 369 3730 dictis:
413 3659 511 3746 Elegit
530 3669 584 3736 te,
606 3655 785 3732 carissime,
808 3655 963 3720 Dominus
982 3655 1040 3722 sibi
1060 3658 1095 3724 in
1115 3680 1168 3727 se.

66 3776 227 3844 cerdotem
257 3792 427 3860 magnum,
461 3769 537 3855 quir
571 3777 602 3834 te
634 3766 677 3832 ed
707 3764 770 3831 boc
804 3784 883 3850 opus
915 3767 1064 3852 cognorit
1094 3769 1167 3837 ido·

65 3905 181 3959 neum,
213 3891 248 3946 ut
282 3891 337 3945 tue
366 3887 478 3944 sancte
509 3876 749 3961 praedicatione
778 3874 933 3960 populum
964 3886 1167 3960 peccatorem

63 4001 234 4061 convertus
264 3988 306 4053 ed
335 3985 518 4052 Dominum.
560 3985 611 4048 Est
642 3983 735 4069 igitur
763 3983 899 4068 populus
931 3992 1004 4048 turre
1036 3983 1168 4050 diocesis

64 4101 225 4167 ininsula
247 4097 333 4162 dicte
354 4091 555 4167 Welnchriu‚
579 4092 613 4154 in
635 4109 699 4175 que
723 4089 817 4172 (proh
839 4087 946 4172 dolor)
969 4099 1004 4152 ut
1024 4090 1066 4155 nd
1083 4113 1168 4159 mens

65 4232 169 4297 nuper
190 4206 329 4294 pervenit
353 4223 463 4278 aures,
487 4221 568 4266 unus
589 4197 722 4285 quisque
745 4204 873 4281 neptem
894 4205 949 4262 eut
970 4200 1059 4283 quod
1080 4203 1167 4288 peius
