2950 5144
336 469 375 533 10
752 470 976 539 Woarnar
1022 427 1028 456 ⁸

330 635 431 720 gentis
461 635 592 720 proprio
622 655 768 704 sermone
801 642 997 728 conscriptus
1026 644 1123 725 dicit,
1152 648 1210 713 bos
1243 659 1304 714 tres
1323 653 1426 720 iratres

242 817 244 822 Ι
329 767 368 813 ex
409 743 551 831 quadarn
580 745 682 810 insula
713 746 827 811 Indiae
858 769 931 814 cum
963 756 1052 819 omni
1083 775 1140 820 sna
1172 759 1370 842 cognatione
1398 771 1426 825 et

328 853 446 919 familia
475 851 565 916 iubae
595 854 760 939 expulsos,
796 865 892 943 atqua
914 862 1045 948 navigiis
1065 865 1107 930 ad
1129 863 1205 944 bas,
1238 887 1321 952 quas
1341 886 1427 933 nunc
1466 909 1467 956 p

328 963 493 1036 incolunt,
527 970 624 1026 terras
653 964 791 1030 venisse:
824 987 909 1051 quae
930 970 1026 1038 verba
1055 975 1167 1040 volunt
1195 996 1250 1041 eos
1280 997 1319 1044 ex
1338 977 1426 1043 India
1466 1027 1467 1056 ,

328 1070 467 1146 venisse,
501 1087 569 1133 non
599 1079 707 1135 tamen
741 1071 855 1138 dicunt
884 1095 938 1141 eos
969 1079 1087 1147 ibidem
1118 1083 1273 1170 originem
1294 1089 1425 1153 traxisse.

329 1178 368 1242 Et
399 1177 472 1241 ideo
504 1177 634 1260 pulchre
664 1176 810 1244 alludunt
840 1183 981 1269 opinioni
1013 1192 1152 1274 superius
1184 1191 1310 1271 dictae,
1344 1196 1428 1281 quod

330 1285 472 1351 videlicet
502 1285 542 1348 de
573 1286 730 1350 excercitu
760 1289 876 1355 luerint
896 1292 1071 1362 Alexandri
1091 1301 1201 1385 magni
1222 1311 1254 1367 ct
1274 1301 1429 1368 nibilomi·
1466 1341 1467 1374 a

330 1413 392 1460 nus
423 1415 462 1457 ex
482 1393 555 1457 Asia
584 1393 736 1460 Graeciae
757 1398 855 1482 magia
886 1402 1048 1488 contigua.
1092 1407 1294 1476 Credendum
1315 1413 1429 1498 quippe

330 1511 391 1575 eat,
427 1498 639 1564 Alexandrum
679 1520 831 1587 magnum
864 1505 919 1590 (de
951 1510 1044 1576 cuius
1076 1516 1234 1583 excercitu
1264 1519 1429 1586 traduntur

328 1605 461 1691 venisse)
494 1605 530 1668 in
560 1605 708 1671 omnibus
738 1612 910 1692 provinciis
930 1627 961 1681 et
982 1621 1088 1704 reguis
1109 1622 1232 1690 divictis
1253 1627 1336 1693 viros
1359 1638 1428 1693 stre·

328 1734 409 1780 nuos
438 1721 470 1776 et
500 1721 667 1796 potentes,
699 1735 782 1800 quos
812 1720 847 1781 in
880 1742 938 1786 suo
969 1729 1128 1804 excercitu
1158 1733 1258 1819 longo
1288 1756 1350 1800 usu
1378 1736 1428 1802 aibi

327 1821 435 1888 fideles
455 1819 622 1904 probarit,
656 1821 725 1906 ipso
754 1826 919 1892 recedente
939 1853 1000 1915 pro
1022 1839 1164 1903 custodia
1187 1843 1365 1928 relitprisse,
1399 1855 1428 1908 ut

328 1929 483 2014 populum
516 1927 639 1993 noviter
661 1928 819 1996 devictum
841 1954 882 1999 ac
902 1936 1078 2007 subiectum
1099 1966 1119 2009 a
1141 1947 1314 2017 rebellione
1335 1952 1429 2039 (quae

326 2037 419 2102 lacile
449 2037 525 2100 oriri
553 2036 644 2122 solet)
676 2055 922 2125 compescerent.
964 2049 1050 2114 Inter
1078 2073 1160 2140 quos
1190 2057 1248 2123 hos
1277 2070 1340 2126 tres
1370 2063 1428 2126 fra·
1465 2073 1467 2146 l

327 2157 389 2211 tres
430 2163 505 2209 cum
533 2149 596 2209 suis
628 2147 735 2212 amicis
764 2150 823 2213 uni
856 2163 912 2217 aut
945 2155 1087 2239 pluribus
1118 2163 1233 2232 lndiae
1251 2171 1428 2253 praefecisse

327 2252 442 2320 insulis.
486 2251 550 2331 Qui
579 2262 707 2317 mortuo
727 2255 911 2322 Alexandro
942 2265 1061 2347 expulsi
1095 2269 1143 2352 (ut
1172 2273 1361 2362 plerumque
1380 2279 1426 2361 fir)

328 2359 370 2427 ab
391 2358 481 2424 Indis
500 2356 741 2436 rebellantibus,
771 2383 872 2447 quum
904 2369 937 2434 in
968 2373 1072 2438 Asiam
1102 2378 1144 2441 ad
1165 2401 1237 2447 suos
1258 2386 1427 2463 redissent,
1465 2401 1467 2502 p

327 2460 434 2552 eisque
465 2465 560 2529 etiam
591 2486 648 2541 eo,
669 2468 761 2552 quod
780 2473 863 2556 parti
883 2473 1055 2544 Alexandri
1078 2483 1169 2570 (quia
1190 2489 1329 2556 Graecus
1350 2496 1427 2578 erat)
1465 2503 1467 2590 l

327 2576 460 2641 nimium
501 2573 709 2651 studuissent,
755 2577 858 2645 odiosi
896 2596 998 2649 essent
1027 2591 1150 2674 effecti,
1192 2598 1269 2664 inde
1300 2603 1428 2667 ascensis
1465 2621 1467 2750 1

325 2683 455 2752 navibus
485 2701 518 2747 se
548 2681 699 2748 fluctibus
727 2695 759 2750 et
790 2700 889 2755 vento
909 2698 1159 2780 committentes,
1195 2717 1230 2769 ut
1251 2728 1352 2775 noras
1373 2710 1428 2776 sibi

324 2803 514 2881 quaererent
544 2794 649 2870 sedes,
680 2795 724 2860 ad
755 2795 812 2862 bas
832 2815 985 2868 venerunt
1017 2817 1124 2877 terras.
1169 2815 1206 2878 lit
1227 2816 1271 2880 sie
1291 2826 1427 2904 utraque
1466 2799 1467 2878 l

324 2902 422 2969 editio
451 2910 553 2984 potest
583 2921 648 2966 esse
677 2923 768 2981 vera,
803 2927 939 2990 quarum
971 2933 1036 2980 una
1067 2939 1106 2982 ex
1135 2923 1231 3000 Asia,
1266 2934 1297 2990 et
1329 2927 1426 2992 altera

323 3031 363 3072 ex
393 3007 487 3072 India
528 3006 585 3069 bos
625 3005 785 3077 devenisse
828 3033 1091 3088 commemorant.
1143 3027 1224 3093 Nam
1257 3034 1359 3120 primo
1390 3057 1426 3100 ex

322 3115 418 3180 India
449 3115 492 3178 ad
520 3115 646 3193 Asiam,
690 3138 730 3183 ac
763 3123 929 3188 confestim
961 3149 1000 3192 ex
1032 3131 1105 3196 Asia
1138 3137 1293 3204 solventes
1322 3163 1427 3208 versus

321 3225 483 3308 Europam
503 3223 708 3309 navigabant.
753 3229 818 3294 Nec
839 3249 965 3300 necesse
985 3248 1031 3302 est
1052 3238 1177 3320 dicere,
1198 3267 1252 3312 eos
1271 3249 1425 3316 Graecam

320 3332 413 3395 fuisse
433 3328 573 3394 sobolem
595 3352 650 3409 eo,
673 3335 763 3419 quod
784 3335 824 3401 de
846 3343 985 3407 exercitu
1002 3346 1171 3416 Alexandri
1187 3358 1292 3442 magni
1311 3361 1426 3425 venisse

321 3448 518 3516 narrantur,
552 3449 587 3502 ut
618 3441 685 3506 vult
716 3442 788 3507 Pius
818 3467 916 3531 papa.
960 3451 1041 3517 Nam
1074 3458 1098 3520 si
1135 3459 1247 3528 Graeci
1278 3465 1422 3545 fuissent,
1466 3461 1467 3464 ¹

319 3547 509 3614 mansissent
540 3547 650 3635 utique
682 3570 755 3615 cum
788 3574 869 3638 pace
898 3557 933 3620 in
964 3563 1067 3644 patria
1098 3587 1177 3646 sua,
1210 3591 1273 3638 nec
1293 3576 1354 3638 suis
1378 3577 1425 3659 (ut

319 3654 474 3739 existimo)
497 3655 599 3720 odiosi
618 3657 745 3756 fuissent
764 3674 896 3747 propter
916 3667 1153 3754 Alexandrum,
1186 3703 1286 3768 quum
1307 3693 1338 3748 et
1360 3685 1425 3770 ipse

319 3765 457 3832 Graecus
476 3763 589 3831 fuerat.
633 3765 696 3830 Sed
716 3769 933 3837 Alexandrum
964 3775 1089 3847 devicta
1109 3785 1182 3852 Asia
1203 3793 1366 3876 sumpsisse
1387 3815 1424 3858 ex

318 3895 357 3939 ea
388 3872 499 3938 milites
530 3882 562 3938 ct
592 3873 688 3940 duces
718 3878 882 3944 auxiliares
910 3885 1107 3960 crediderim.
1150 3897 1240 3963 Inter
1272 3923 1355 3990 quos
1376 3906 1424 3969 isti

317 3992 380 4045 tres
411 3981 522 4046 tratres
551 4001 626 4046 cum
655 4004 711 4048 sua
741 3984 858 4052 familia
892 3989 973 4058 forta
993 3995 1140 4077 fuerant,
1174 4016 1205 4070 et
1226 4010 1302 4094 quia
1324 4013 1423 4078 nimia

317 4090 493 4172 pertinacia
514 4101 544 4155 et
566 4091 672 4157 favore
693 4092 841 4160 iuvarent
861 4108 892 4162 et
914 4099 1124 4175 defenderant
1143 4125 1266 4198 partem
1286 4121 1423 4188 Alexan·

315 4195 386 4275 dri,
420 4197 491 4266 ideo
512 4213 584 4286 post
605 4213 738 4272 mortem
760 4207 825 4272 eius
844 4208 939 4274 etiam
960 4213 1039 4293 suia,
1075 4221 1130 4302 qui
1153 4223 1242 4292 inviti
1265 4228 1307 4294 ab
1329 4233 1422 4296 Alex·
