2916 5150
498 476 746 544 CHRONICON.
1102 477 1163 542 toa

65 643 217 709 terminos
238 643 399 729 egrediens
418 647 587 710 multarum
608 646 845 730 provinciarum
865 654 963 711 tems
984 644 1179 729 occuparit·

65 772 166 838 pagos
184 752 315 831 delevit,
338 753 485 818 ccclesias
506 753 646 838 lapideas
667 752 799 829 deiecit,
834 762 958 817 tantam
978 753 1166 839 extinguens

66 860 230 923 hominum
263 863 518 937 multitudinem,
561 871 597 926 ut
627 881 748 925 mmma
782 869 911 924 centum
941 861 1026 924 milia
1059 872 1165 925 trans·

67 968 227 1034 conderet.
269 969 317 1032 lta
338 990 455 1054 nempe
475 970 602 1035 exaltati
622 978 696 1033 nint
716 969 831 1034 fluctus
852 969 934 1043 eius,
966 979 1002 1033 ut
1033 970 1164 1033 turrium

67 1076 248 1141 altitudines
268 1078 389 1160 operire
410 1077 606 1152 viderentur,
642 1077 781 1161 procella
802 1077 975 1161 procellam
1004 1078 1167 1162 impellens

66 1185 210 1270 generale
231 1184 379 1249 diluvium
401 1186 592 1261 minaretur,
618 1188 649 1250 in
671 1195 815 1261 tantum,
840 1194 874 1248 ut
895 1187 1015 1251 vicinas
1034 1187 1168 1270 provin·

68 1294 132 1358 cias
150 1293 265 1356 fluctus
285 1292 422 1358 furentes
442 1294 648 1359 involverent.
684 1294 828 1378 Cumque
848 1312 942 1357 causa
965 1301 1076 1356 tantae
1095 1293 1166 1377 pla-

66 1422 129 1487 gae
148 1400 301 1485 populum
322 1401 444 1476 lateret,
466 1411 632 1467 matronae
653 1402 781 1466 cuidam
801 1401 938 1465 eiusdem
959 1399 1059 1483 gentis
1074 1399 1167 1464 valde

65 1509 243 1595 religiosae,
263 1511 401 1573 Domino
421 1511 455 1574 in
478 1510 614 1585 ieiuniis,
637 1509 853 1585 orationibus,
869 1508 976 1594 vigiliis
997 1515 1028 1571 et
1050 1507 1167 1572 elemo-

66 1618 143 1682 sinis
164 1617 326 1694 servienti,
360 1629 545 1683 materterae
577 1618 718 1682 videlicet
747 1617 868 1682 domini
901 1616 1079 1681 Winiboldi
1109 1616 1167 1680 ab·

66 1727 149 1790 batis
170 1726 273 1791 sancti
294 1725 450 1790 Bernardi
471 1726 506 1789 in
527 1725 696 1800 Aedwert,
717 1725 810 1790 beata
833 1726 886 1789 Dei
906 1725 1043 1810 genitrix
1064 1746 1167 1810 appa·

66 1854 160 1898 rensc
196 1834 260 1908 sic,
293 1833 355 1907 ait,
390 1843 520 1919 propter
551 1832 698 1897 iniuriam
718 1834 775 1898 filii
797 1834 856 1897 mei
877 1833 912 1897 in
934 1841 1168 1898 sacramentum

66 1925 221 2026 corporis¹
240 1941 304 2006 cius
332 1941 448 2005 iactam
470 1939 628 2005 submersa
649 1951 695 2004 est
714 1941 825 2018 Frisia;
857 1951 888 2006 et
909 1939 1015 2004 adhuc
1037 1941 1170 2024 amplius

10 2114 16 2128 ,
64 2050 269 2136 plagabitur,
301 2050 326 2114 si
358 2048 522 2132 condigna
551 2049 746 2132 poenitentia
777 2068 848 2110 non
879 2049 970 2111 luerit
991 2047 1168 2114 subsecuta.

64 2161 205 2245 Moxque
246 2158 365 2223 adiecit
408 2166 508 2220 mater
539 2155 789 2220 misericordiane
844 2155 925 2218 Lena
956 2155 1067 2217 oculos
1098 2165 1170 2218 tuos

65 2280 182 2334 contra
214 2287 313 2331 mare.
357 2264 452 2346 Quod
482 2285 555 2329 cum
587 2263 727 2340 lecisset,
759 2262 837 2328 vidit
856 2261 1003 2347 pyxidem
1026 2283 1044 2326 a
1065 2263 1170 2348 pugile

64 2397 247 2462 percussam
278 2376 312 2439 in
335 2374 511 2438 summitate
530 2371 684 2436 fluctuum
706 2379 884 2435 natantem.
928 2370 1018 2452 Quae
1039 2391 1112 2435 cum
1133 2371 1168 2434 in

47 2493 193 2548 'tantum
215 2481 521 2565 appropinquasset,
546 2488 581 2542 ut
602 2488 705 2562 posset
727 2479 876 2562 agnosci,
900 2478 943 2542 ait
964 2478 1059 2542 beata
1080 2479 1169 2566 virgo

65 2591 188 2656 Marias
232 2589 314 2652 Ecce
335 2607 453 2670 corpus
481 2586 537 2648 filii
569 2586 645 2660 mei,
683 2587 718 2647 in
748 2587 822 2649 loco
844 2585 949 2658 enim,
973 2585 1028 2650 ubi
1049 2588 1169 2672 disper·

64 2721 136 2763 snm
167 2706 231 2771 est,
262 2695 465 2760 aedificanda
497 2703 542 2755 eu
562 2692 704 2758 ecclesia.
749 2691 819 2754 Hoc
840 2690 934 2752 etiam
956 2693 1054 2766 scito,
1078 2696 1169 2778 quod

66 2807 164 2871 ambo
195 2805 311 2870 mortui
339 2811 433 2876 sunt,
468 2801 554 2886 pugil
586 2798 729 2863 videlicet
761 2808 792 2862 et
821 2798 985 2872 sacerdos,
1009 2799 1063 2864 sed
1083 2804 1171 2886 pugil

65 2939 131 2993 eo,
154 2915 244 3002 quod
264 2915 330 2978 sine
351 2911 514 2995 condigna
537 2909 731 2973 contritione
753 2905 886 2984 obierit,
910 2908 1047 2992 sepultus
1067 2919 1113 2973 est
1133 2911 1169 2973 in

64 3025 215 3096 inferno,
249 3021 394 3086 sacerdos
426 3038 499 3084 vero
521 3016 627 3081 adhuc
647 3026 769 3080 tenetur
789 3017 824 3078 in
848 3018 1044 3102 purgatorio.
1087 3016 1171 3102 cog.

65 3135 137 3199 nita
168 3131 231 3196 hac
260 3131 375 3195 visione
405 3126 553 3189 dominus
582 3122 780 3188 Theobaldus
801 3123 966 3208 episcopus
988 3124 1171 3190 llonasteri·

64 3242 168 3318 ensis,
194 3238 235 3303 ad
257 3238 345 3302 cuius
364 3233 515 3300 diocesim
536 3250 650 3316 magna
671 3251 744 3314 pars
764 3231 877 3294 Frisiae
899 3231 1049 3315 pertinet,
1074 3235 1171 3300 missis

1 3347 2 3350 ’
63 3350 160 3414 literis
191 3348 252 3412 suis
280 3345 452 3409 solemnem
483 3361 543 3426 pro
577 3339 715 3424 peccatis
735 3340 978 3423 provincialibus
999 3344 1171 3425 poeniten·

65 3460 145 3523 tiam
188 3454 332 3519 iniunxit.
386 3450 449 3514 Sed
489 3447 564 3535 quia
607 3448 804 3531 poenitentia
834 3448 944 3530 populi
976 3447 1173 3514 insufficiens

65 3567 189 3639 luerat,
211 3563 304 3626 tertio
327 3580 414 3624 anno
436 3568 506 3642 post
528 3555 725 3641 praedictum
747 3554 912 3630 diluvium,
938 3555 1050 3617 iterum
1073 3557 1172 3618 inun-

64 3672 214 3739 dantibus
247 3669 337 3756 aquis
369 3669 453 3732 circa
485 3663 698 3750 quadraginta
729 3662 812 3725 milia
843 3661 1008 3725 hominum
1030 3664 1171 3730 extincta

63 3793 152 3848 sunt.
194 3777 287 3844 Unde
318 3777 420 3839 factus
448 3783 493 3838 est
526 3782 631 3836 tantus
661 3775 755 3835 timor
784 3771 817 3836 in
849 3771 964 3847 Frisia,
1001 3782 1034 3835 ut
1056 3774 1172 3856 singuli

64 3889 193 3977 singulis
224 3885 392 3951 momentis
422 3890 556 3946 mortem
588 3889 824 3963 exspectarent,
863 3887 959 3962 atque
991 3891 1168 3944 arescerent

64 4020 143 4086 prae
163 3995 406 4079 exspectatione.
449 3991 490 4054 ln
520 4009 585 4072 qua
614 3988 700 4050 lacta
721 3995 765 4050 est
788 3996 879 4050 tanta
900 4007 1042 4070 pressura
1064 4007 1169 4071 popu.

1 4087 2 4098 ἵ
65 4109 189 4183 lorum,
225 4114 259 4168 ut
289 4101 377 4166 multi
410 4099 572 4162 Frisonum
594 4095 776 4179 provincias
795 4103 935 4177 peterent
957 4093 1089 4160 alienas.
1132 4095 1171 4160 Et

64 4213 230 4300 impletum
263 4221 306 4276 est
339 4207 415 4272 illud
437 4204 619 4274 Salvatoris:
663 4201 728 4265 Erit
757 4201 790 4265 in
824 4201 911 4264 terris
930 4191 1074 4286 pressura
1096 4223 1171 4290 gen·
