2916 5150
298 470 357 533 lto
553 492 557 496 ·
746 471 969 538 WOllf'IfllI

296 637 476 715 constituti,
511 637 667 722 petierunt
700 639 923 706 dimissionem.
976 643 1037 724 Qui
1070 651 1195 729 quanta
1229 663 1400 710 commen·

296 744 429 810 datione
448 745 542 831 digna
574 768 634 833 pro
655 747 697 810 eis
721 745 807 830 (licet
827 750 955 814 minime
976 751 1009 814 id
1028 751 1198 835 petierant)
1220 753 1400 837 scripserit,

296 856 454 938 exemplar
474 853 633 920 literarum
654 856 718 919 eius
740 857 925 923 declarabit.
948 859 1094 924 Sciebant
1115 860 1202 924 enim
1221 863 1401 946 scriptume

296 962 415 1028 Laudet
437 971 468 1028 te
489 984 524 1028 os
545 964 679 1028 alienum
700 973 731 1028 et
753 957 819 1028 non
842 975 941 1031 tuum.

380 1221 524 1266 sarebona
547 1225 686 1268 ontvnntt
705 1225 744 1266 an
766 1225 940 1269 Parnassos
960 1228 999 1270 ΕΤ
1021 1226 1169 1274 consutus
1189 1231 1309 1274 rtttsrttt

596 1333 712 1375 LAUDES
733 1333 887 1376 rntsonnn
909 1335 1089 1380 coarmata.

270 1498 273 1504 ’
340 1502 463 1566 Dilectis
484 1503 517 1563 in
540 1500 661 1566 Christo
684 1503 810 1577 amicis,
843 1503 1028 1582 abbatibus,
1052 1507 1225 1590 prioribus,
1258 1532 1401 1598 praepo-

296 1609 378 1683 sitis,
403 1609 547 1687 decanis,
569 1609 730 1694 plebanis,
766 1612 947 1676 consulibus
968 1613 1096 1690 frisiae,
1119 1636 1221 1681 servus
1241 1623 1403 1705 emptitius

297 1715 399 1780 crucis
440 1715 599 1795 Olirerus,
645 1717 749 1781 dictus
788 1717 998 1785 scholasticus
1030 1721 1239 1803 Coloniensis,
1282 1749 1402 1812 pacem

297 1844 421 1900 amare,
456 1833 570 1888 terram
602 1824 794 1907 pacificare,
827 1836 858 1891 et
890 1829 932 1891 ad
964 1839 1093 1912 portum
1125 1843 1271 1899 aeternae
1290 1838 1404 1902 salutis

297 1931 456 1996 anhelare.
507 1929 729 2015 Triumpbator
756 1933 790 1996 in
831 1933 970 2012 Israhel,
1013 1957 1033 1999 a
1064 1960 1131 2024 quo
1161 1942 1272 2006 datum
1301 1964 1404 2010 omne

272 2039 451 2123 ,optimum
485 2047 516 2103 et
547 2057 644 2102 omne
665 2038 788 2103 donum
810 2041 1002 2124 perfectum,
1038 2057 1164 2130 gentem
1188 2061 1321 2116 vestram
1344 2055 1404 2120 de·

298 2157 405 2211 votam
438 2154 469 2208 et
501 2145 536 2208 iu
566 2143 726 2210 laboribus
756 2147 1014 2232 perigrinationis
1039 2167 1289 2237 pemeverantem
1311 2181 1405 2248 mag·

298 2254 441 2319 nificavit
471 2274 562 2337 super
594 2264 729 2332 terram,
765 2256 955 2343 quadrigam
986 2258 1070 2342 ipsus
1099 2282 1319 2348 componens,
1366 2271 1404 2334 in

298 2385 364 2450 qua
395 2361 568 2447 praemium
603 2369 765 2424 aeternum
787 2377 1053 2446 promeruerunt,
1085 2380 1117 2433 et
1138 2370 1255 2437 famam
1278 2386 1406 2462 tempo·

297 2473 413 2544 ratem,
446 2488 545 2554 quam
573 2467 704 2552 perdere
735 2490 802 2534 non
821 2483 977 2556 possunt,
1000 2476 1025 2538 si
1045 2476 1176 2563 incepto
1195 2482 1308 2548 itinere
1326 2507 1408 2570 per·

297 2576 507 2642 reseraverint
527 2596 627 2662 usque
647 2577 682 2640 in
700 2577 811 2644 finem.
853 2581 948 2665 Apud
969 2583 1147 2652 Damiatarn
1166 2591 1322 2676 siquidem
1343 2595 1406 2661 hu-

297 2686 458 2750 militatem
480 2705 628 2770 magnam
650 2686 877 2764 ostenderunt,
909 2689 1101 2778 largitatem,
1135 2697 1350 2766 obedientiam
1373 2716 1406 2770 et

298 2795 483 2870 andaciam,
518 2794 684 2859 Saracenis
715 2794 929 2873 formidolosi,
965 2798 1146 2867 Christianis
1167 2804 1264 2874 chari.
1308 2811 1407 2878 Unde

297 2927 353 2970 vos
371 2904 530 2990 praelatos
548 2901 749 2966 ecclesiarum
769 2903 933 2970 hortamur
949 2917 979 2972 et
998 2909 1197 2978 obsecramus
1214 2916 1246 2980 in
1265 2915 1404 2998 Christo,

297 3025 472 3096 quatenus,
506 3010 584 3073 sicut
617 3031 655 3074 ex
685 3019 804 3075 statuto
834 3013 1052 3082 Lateranensis
1083 3023 1205 3086 consilii
1225 3030 1403 3094 teneamini

296 3118 497 3183 iniuriatores
528 3138 655 3196 eorum,
687 3119 742 3204 qui
774 3120 861 3208 apud
882 3122 1061 3190 Damiatam
1080 3138 1155 3192 sunt
1175 3141 1229 3196 aut
1250 3132 1403 3216 fuerunt,

296 3247 353 3312 per
374 3245 541 3291 censuram
561 3225 820 3304 ecclesiasticam,
856 3250 954 3312 quam
976 3233 1156 3316 patriarcha
1176 3237 1303 3322 publice
1324 3265 1404 3327 pro-

298 3335 387 3412 trdit,
405 3344 452 3416 ‚et
483 3354 545 3397 nos
565 3343 681 3399 contra
702 3335 920 3402 malefactores
939 3343 1200 3426 peregrinorum,
1234 3359 1401 3432 raptores,

296 3445 378 3508 fures
422 3452 453 3506 et
496 3442 573 3507 alios
613 3441 810 3507 fraudatores
841 3445 1082 3514 elemosinarum
1113 3455 1400 3541 promulgavimus,

296 3571 364 3614 non
397 3549 570 3634 negligatis.
614 3550 652 3613 Et
683 3571 737 3615 vos
770 3553 910 3616 consules
942 3563 1044 3622 terrae
1074 3560 1221 3643 praelatis
1241 3570 1347 3633 restris
1369 3573 1403 3638 in

296 3656 358 3722 hac
379 3679 412 3722 re
433 3679 503 3722 non
524 3657 772 3734 contradicatis,
796 3659 850 3724 sed
872 3660 1076 3732 denuntiatos
1095 3667 1183 3734 robis
1202 3669 1405 3746 iniuriatores

297 3763 419 3826 cautius
438 3766 567 3830 evitetis.
611 3765 692 3828 Nam
712 3767 913 3852 peregrinos,
947 3793 1029 3857 quos
1050 3775 1131 3842 Deus
1151 3781 1321 3862 exaltarit,
1344 3785 1405 3852 ho·

295 3870 393 3938 mines
436 3871 596 3939 honorare
629 3883 787 3940 tenentur.
844 3877 1002 3964 Scriptum
1035 3886 1122 3969 apud
1154 3887 1335 3960 flamiatam
1366 3897 1403 3963 in

296 3981 488 4048 exaltatione
508 3993 640 4048 sanctae
661 3985 772 4052 crucis.

810 4176 888 4206 ²220&
