2950 5144
323 490 369 554 34
757 478 978 546 WORPERI

327 655 407 740 tiqui
440 655 599 726 Saxones,
633 647 842 714 Boruetuarii.
895 645 981 710 llaec
1011 646 1111 712 Beda.
1154 648 1224 712 lloe
1253 646 1341 710 idem
1374 658 1430 712 tes·

328 774 414 828 tatur
433 761 542 826 beatus
553 758 748 826 Marcellinus
768 756 803 818 in
824 755 957 839 legenda
977 757 1081 820 saneti
1101 753 1270 822 Swidberti
1292 755 1429 841 episcopi

328 871 370 935 de
398 871 510 934 eodem
542 867 677 953 Egberto
709 868 771 929 sive
791 861 966 947 Egberecht
985 863 1030 928 sic
1049 862 1207 928 seribensa
1250 861 1349 942 Quod
1371 864 1428 948 ipss

328 977 450 1043 sitiebat
480 986 512 1040 et
541 972 712 1038 affectabat
742 972 874 1035 salutem
906 971 1050 1034 omnium
1071 971 1254 1045 hominum,
1287 981 1319 1034 et
1340 992 1429 1054 prae·

330 1087 423 1170 cipue
451 1103 652 1168 paganorum
682 1081 845 1146 Frisonum
877 1091 908 1144 et
940 1081 1125 1156 Saxonum,
1157 1102 1196 1146 eo
1227 1080 1319 1166 quod
1340 1082 1428 1168 Angli

330 1194 372 1257 ab
403 1193 477 1278 ipsis
496 1191 663 1275 propagati
684 1198 771 1254 sunt.
814 1189 861 1253 Ex
881 1187 928 1252 his
947 1187 1188 1254 auetoritatibus
1209 1189 1292 1254 elare
1313 1190 1427 1275 liquet,

328 1302 469 1387 Anglos,
492 1299 548 1385 qui
569 1317 660 1362 nune
682 1297 886 1362 Britanniam
906 1296 970 1362 sire
990 1297 1137 1384 Angliam
1158 1297 1325 1372 incolunt,
1359 1318 1428 1362 non

329 1409 430 1474 solum
460 1429 480 1471 a
511 1405 702 1481 Saxouibus,
736 1403 907 1470 sedetiam
929 1405 1151 1471 aFrisonibus
1171 1425 1236 1470 esse
1256 1415 1354 1470 ortos.
1395 1407 1429 1470 Et

1468 441 1470 462 l

1468 641 1470 670 l

1468 671 1470 690 t

1468 871 1470 944 l

330 1517 393 1580 boe
421 1535 488 1600 quo
520 1513 563 1577 ad
595 1514 738 1577 Frisones
768 1513 928 1580 sufficiens
957 1512 1053 1579 habet
1081 1513 1156 1578 fidei
1190 1523 1427 1599 argumentum.
1469 1527 1470 1530 ’

330 1625 407 1710 quia
448 1643 548 1708 usque
588 1621 685 1686 hodie
726 1623 756 1685 in
789 1621 967 1706 Anglicana
1000 1622 1108 1706 lingua
1139 1622 1232 1708 plura
1263 1622 1430 1688 miscentur

330 1732 425 1796 verba
463 1730 631 1795 Frisonioa.
686 1731 831 1810 Quorum
873 1749 972 1793 unum
1015 1731 1106 1814 ponit
1148 1729 1257 1806 Beda,
1302 1730 1382 1796 libro
1413 1753 1430 1796 r

329 1837 511 1923 praedictae
542 1837 695 1901 Historiae
725 1837 830 1922 eapite
861 1837 902 1912 ii,
937 1838 972 1900 in
1009 1835 1087 1902 baec
1121 1837 1235 1903 rerba:
1270 1839 1428 1914 loannes,

330 1945 454 2030 inquit,
488 1944 743 2030 llagulstadensis
775 1944 941 2030 episeopus
960 1943 1037 2008 dixit
1057 1955 1168 2020 muto,
1201 1946 1253 2011 eui
1273 1946 1430 2032 loquelam

330 2051 528 2116 reddiderat:
567 2052 624 2116 Dic
655 2052 786 2137 aliquod
816 2051 966 2127 verbum,
999 2052 1097 2118 dicito
1129 2052 1259 2140 (iuquit)
1281 2077 1342 2140 ge,
1374 2077 1428 2142 ge,

329 2157 420 2244 quod
450 2169 497 2223 est
524 2159 630 2244 lingua
661 2161 839 2244 Anglorum
869 2159 1000 2226 verbum
1031 2161 1213 2228 affirmandi
1243 2173 1275 2228 et
1296 2185 1430 2230 consen·

192 2324 196 2334 ,
330 2266 447 2343 tioudi,
479 2267 513 2328 id
534 2277 579 2331 est
600 2269 706 2332 etiam.
753 2270 840 2333 llaec
862 2269 961 2333 Beda.
1004 2271 1105 2334 Porro
1125 2271 1161 2334 in
1183 2270 1343 2338 Chronica
1364 2273 1430 2338 Lei·

330 2374 418 2438 densi
450 2374 585 2456 legitur,
619 2374 800 2459 llengistum
820 2385 851 2440 et
872 2377 1025 2453 llorsam,
1050 2398 1187 2463 quorum
1207 2381 1349 2464 superius
1367 2403 1428 2446 me·

331 2480 423 2544 minit
442 2479 546 2554 Beda,
578 2481 671 2546 luisse
699 2503 786 2566 reges
816 2482 988 2548 Friaonum.
1032 2485 1070 2549 Et
1091 2485 1167 2571 quia
1188 2487 1312 2570 planius
1331 2490 1364 2552 in
1385 2489 1428 2552 bis

331 2587 496 2653 Chronicis
525 2589 673 2675 leguntur
704 2610 763 2666 ea,
796 2611 881 2676 quae
913 2591 1000 2656 Beda
1032 2594 1068 2656 in
1097 2593 1309 2678 superioribus
1328 2598 1428 2681 posuit

331 2695 510 2772 obscurius,
556 2716 619 2762 nee
648 2697 782 2761 multum
814 2697 858 2763 ab
889 2719 929 2764 eo
962 2701 1164 2784 discrepant,
1210 2722 1281 2766 non
1313 2705 1428 2790 pigebit
1469 2703 1470 2778 ἶ

331 2803 403 2882 illa,
434 2825 519 2892 quae
548 2803 665 2869 ibidem
698 2803 853 2870 habentur
884 2805 925 2870 de
953 2807 1016 2872 hae
1036 2809 1184 2883 materia,
1207 2829 1266 2892 pro
1287 2809 1428 2880 obleeta-

332 2911 417 2977 tione
437 2913 608 2997 legentium
629 2911 682 2976 bie
701 2912 847 2977 inserere.
958 2977 960 2982 .

365 3388 567 3454 Quomodo
593 3390 804 3460 mansurus
830 3395 873 3452 et
897 3394 1023 3453 lloraa
1047 3393 1179 3467 neges
1203 3397 1409 3460 arnonu-

386 3482 637 3540 venerantur
654 3483 896 3544 munnam
914 3488 956 3545 et
972 3489 1146 3560 exputata
1163 3492 1234 3550 orat
1248 3492 1372 3553 trater·

486 3573 605 3635 leons
631 3577 859 3640 lrttnntbua
883 3583 1145 3652 possederunt
1170 3599 1273 3645 um.

788 3780 876 3846 cta.
898 3781 984 3848 Vlll.
1119 3852 1121 3856 .

366 3996 466 4058 Auno
498 3993 622 4059 Domini
652 3995 813 4060 ceeexlsiii
844 4019 883 4063 ex
911 4000 1079 4069 Germania
1113 4005 1148 4068 iu
1170 4005 1295 4071 exilium
1323 4009 1433 4093 pulsae

326 4111 387 4163 tres
430 4101 545 4188 longae
585 4121 698 4178 nares,
741 4103 776 4167 in
807 4105 921 4190 quibus
951 4121 1041 4174 erant
1073 4113 1234 4200 llengistus
1265 4123 1298 4180 et
1330 4115 1432 4179 llorsa

325 4208 420 4273 frater
449 4211 524 4282 eius,
566 4211 654 4292 Quos
682 4233 736 4278 rex
768 4212 953 4282 Britanniae
976 4218 1202 4308 Voltingranus
1241 4223 1432 4308 (seeundum
