2916 5150
334 533 395 600 rsa
770 518 992 592 Wonrunr
1074 483 1077 488 '

633 697 803 769 Vicesimus
822 705 954 782 quartus
973 694 1138 760 Articulus.

373 807 496 874 ludices
514 809 666 875 seculares
687 807 840 872 derebus
860 817 891 870 et
912 804 1053 891 personis
1072 798 1286 869 ecclesiasticis
1306 817 1340 862 se
1363 816 1426 862 non

331 918 547 984 intromittant
568 919 625 984 sub
647 937 751 1003 poena
774 915 885 1002 viginti
906 933 1096 979 marcarum.

430 1109 433 1116 Δ
631 1025 802 1094 Vicesimus
823 1023 953 1111 quintus
972 1021 1139 1087 articulus.

374 1134 483 1202 Clerici
514 1135 539 1199 ci
560 1156 620 1222 pro
641 1134 791 1200 electione
812 1133 951 1198 iudicum
973 1131 1160 1196 secularium
1182 1147 1315 1192 munera
1337 1145 1428 1191 acce·

330 1245 436 1330 perint
466 1244 502 1309 in
533 1244 746 1332 quadruplum
777 1243 959 1317 restituant,
992 1241 1017 1304 si
1047 1240 1088 1304 de
1117 1239 1180 1304 hoc
1201 1235 1341 1302 convicti
1362 1236 1426 1300 lue·

331 1354 414 1434 rint,
447 1353 634 1420 decaetero
655 1353 810 1419 electione
831 1351 979 1424 carituri,
1014 1350 1080 1433 ipsa
1102 1349 1257 1414 electione
1278 1346 1320 1410 ad
1343 1365 1428 1410 com·

331 1464 518 1528 munitatem
540 1463 695 1528 districtus
717 1461 876 1526 devoluta.

644 1572 816 1639 Vicesimus
837 1579 939 1634 sextus
959 1568 1126 1633 Articulus.
1199 1583 1202 1590 ·

373 1681 407 1746 Si
438 1682 533 1767 aliqui
563 1681 692 1745 alicuius
722 1681 879 1744 districtus
909 1698 965 1763 per
987 1675 1224 1743 contumaciam
1245 1695 1263 1738 a
1284 1695 1429 1740 commu·

331 1789 428 1855 nitate
449 1809 481 1854 se
501 1790 733 1874 separaverint.
758 1809 815 1872 per
834 1787 953 1852 iudices
974 1786 1076 1851 redire
1098 1785 1338 1869 compellantur.

618 1897 787 1962 Vicesimus
806 1897 953 1980 septimus
973 1894 1139 1960 Articulus.

372 2006 405 2070 Si
436 2006 507 2096 quis
538 2004 700 2069 bominem
732 2004 904 2080 occiderit,
940 2001 980 2068 ab
1011 2004 1151 2091 ingressu
1172 2003 1323 2068 ecclesiae
1345 2002 1425 2065 iuxta

332 2115 595 2180 consuetudinem
628 2114 803 2201 antiquitus
835 2112 1032 2179 observatam
1053 2134 1111 2197 per
1132 2131 1255 2176 annum
1276 2111 1425 2198 integrum

331 2233 496 2299 arceatur,
529 2223 672 2309 alioquin
702 2221 857 2288 iudicibus
877 2223 911 2286 in
935 2221 1045 2286 decem
1066 2223 1180 2286 marcis
1200 2231 1330 2285 maneat
1351 2220 1428 2285 obli·

330 2341 430 2416 galus.
484 2331 516 2395 Si
558 2352 632 2395 vero
664 2330 747 2395 idern
779 2331 908 2415 plenam
942 2329 1110 2396 emendam
1152 2327 1315 2393 heredibus
1358 2349 1429 2395 non

329 2440 445 2525 poterit
476 2447 654 2522 praestare,
687 2447 799 2522 captus
828 2436 942 2502 eisdem
984 2438 1156 2504 heredibus·
1187 2438 1341 2503 tradatur.
1395 2437 1429 2501 Si

329 2566 404 2609 vero
426 2545 537 2631 aliquis
557 2567 629 2611 eum
651 2546 884 2612 contumaciter
906 2547 1088 2622 detinuerit.
1110 2568 1170 2632 pro
1191 2568 1230 2612 eo
1252 2547 1430 2613 satisfacere

328 2655 546 2740 compellatur.
588 2654 687 2720 Iudex
706 2676 781 2721 vero
801 2647 837 2718 in'
859 2657 947 2720 cuius
967 2656 1124 2720 territorio
1145 2656 1293 2721 detentus
1314 2657 1426 2732 fuerit,
1455 2679 1457 2742 t

328 2763 353 2828 si
385 2765 527 2829 conscius
556 2763 647 2828 luerit
667 2773 697 2828 et
717 2765 818 2848 ipsum
840 2773 980 2850 repetere
1001 2765 1160 2851 negligat,
1196 2767 1327 2830 caeteris
1350 2767 1427 2831 iudi·
1454 2783 1457 2830 J

328 2873 417 2940 cibus
436 2874 470 2937 in
492 2873 600 2958 viginti
621 2873 735 2966 marcis
755 2883 886 2937 maneat
907 2872 1073 2960 obligatus.
1454 2861 1456 2938 Ι

627 2980 798 3048 Vicesimus
819 2991 950 3047 octavus
970 2982 1135 3048 Articulus.
1453 3057 1455 3084 ¹

368 3089 451 3154 Nulli
479 3089 595 3155 clerico
623 3091 680 3155 soli
701 3091 736 3154 in
758 3100 948 3157 testamento
970 3103 1000 3157 el
1020 3093 1056 3156 in
1077 3092 1190 3156 ultimis
1211 3093 1427 3160 voluntatibus
1454 3089 1455 3140 ἶ

327 3194 447 3282 absque
466 3197 591 3264 duobus
612 3201 659 3267 vel
682 3200 780 3265 tribus
801 3200 928 3265 testibus
947 3202 1026 3267 fides
1048 3201 1243 3268 adhibeatur.

635 3310 805 3378 Vicesimus
825 3333 931 3376 nonus
951 3314 1117 3378 Articulus.
1224 3319 1227 3333 '

366 3415 399 3480 si
432 3417 503 3503 quis
522 3417 615 3485 alicui
631 3418 726 3484 iudici
746 3419 829 3483 inira
851 3421 1019 3486 terminum
1040 3442 1113 3486 suae
1133 3420 1356 3486 iurisdictionis
1374 3420 1426 3484 in·

322 3525 435 3595 iuriam
455 3549 582 3614 gravem
595 3528 643 3597 vel
663 3538 796 3594 mortem
817 3529 998 3616 irrogaverit
1019 3530 1053 3593 in
1075 3529 1244 3615 decuplum
1262 3531 1426 3616 puniatur.

688 3637 871 3706 Tricesimns
892 3638 1059 3706 Articulus.

364 3741 397 3805 st
430 3745 501 3830 quis
530 3744 717 3810 clericorum
749 3749 816 3812 sine
838 3747 967 3812 consilio
990 3748 1141 3828 aliorum,
1173 3767 1312 3834 quorum
1333 3749 1452 3844 inter-q

321 3860 384 3927 est,
421 3853 558 3940 aliquem
587 3855 821 3932 nominaverit,
856 3857 890 3921 in
920 3866 1108 3942 perpetuum
1129 3877 1210 3925 voce
1230 3845 1452 3922 nominandil

320 3960 359 4026 sit
391 3964 554 4030 cariturus.
596 3963 630 4028 Si
658 3984 734 4030 vero
766 3966 982 4032 nominationi
1015 3966 1069 4030 tali
1101 3968 1171 4053 quis
1205 3967 1426 4041 consenserit,

319 4089 422 4152 poena
453 4072 563 4158 viginti
593 4093 772 4142 marcarum
802 4074 967 4164 judicibus
1001 4087 1130 4143 maneat
1164 4075 1336 4164 obligatus,
1387 4097 1428 4143 ac

321 4175 431 4245 electio
451 4191 578 4249 moneat
599 4183 695 4251 irrita.
