2950 5144
525 465 774 534 cultorttcott.
1177 472 1198 537 7

88 636 212 719 pletum
244 642 403 719 generant
421 641 455 698 et
474 636 646 702 robustam.
692 637 778 700 ilaec
799 635 1041 702 Bartholomeus
1060 638 1094 702 in
1117 635 1197 702 libro

16 787 18 802 ,
92 743 136 806 de
165 740 414 826 proprietatibus
443 763 567 819 rerum.
599 753 629 808 et
652 744 724 808 Pius
743 744 778 807 in
800 744 926 830 Europa
946 766 1015 812 sua.
1059 747 1097 812 Et
1118 745 1198 812 haec

15 899 17 926 ς
91 850 223 938 quidem
245 869 346 934 usque
366 850 401 913 in
421 861 619 936 praesentem
641 851 723 918 diern
745 853 831 939 apud
843 853 954 919 Frisios
973 865 1193 939 perseverant.

14 945 17 976 ¹
90 960 234 1045 exeeptis
264 958 375 1043 paucis
403 978 488 1045 quae
518 970 694 1045 temporum
727 960 933 1028 diuturnitate
956 965 1003 1029 vel
1033 964 1198 1050 paululum

13 1095 14 1098 ¹
92 1068 261 1130 immutata
294 1066 341 1130 vel
373 1065 499 1151 penitus
530 1077 603 1132 sunt
637 1068 801 1156 abrogata.
845 1071 883 1135 Et
914 1072 949 1136 in
980 1072 1088 1158 primis
1107 1072 1199 1156 quod

92 1173 337 1240 Bartholomeus
368 1173 465 1250 dicit,
498 1175 581 1242 viros
610 1176 674 1241 lere
705 1196 813 1243 ornnes
832 1188 864 1243 et
884 1184 1053 1265 praecipue
1075 1177 1199 1246 nobiles

94 1283 290 1350 circulariter
310 1282 345 1347 in
367 1303 461 1349 corna
482 1294 647 1361 attonsos,
680 1285 776 1351 lrodie
797 1305 904 1350 verum
925 1307 995 1352 non
1017 1299 1074 1354 est.
1116 1289 1198 1354 Nam

100 1412 214 1457 omnes
238 1391 300 1456 lere
331 1411 424 1458 nunc
454 1411 581 1457 comam
614 1393 782 1458 nutriunt:
813 1393 872 1458 luit
894 1403 1002 1460 tamen
1025 1392 1198 1460 maioribus

96 1502 211 1565 nostris
229 1500 389 1585 peculiare
409 1499 461 1574 id.
484 1509 516 1566 et
536 1498 693 1566 nobilibus
712 1503 893 1588 praesertim
915 1523 933 1566 a
951 1501 1200 1590 carolomagno

94 1608 323 1684 constitutum,
362 1617 399 1673 ut
439 1617 526 1694 patet
565 1609 598 1673 in
634 1609 800 1696 privilegiis
829 1609 966 1678 eiusdem
997 1611 1101 1678 Caroli
1133 1609 1201 1676 Fri·

92 1715 227 1783 sonibus
255 1716 346 1782 datis.
390 1717 523 1802 lumper
552 1726 583 1780 et
614 1716 647 1781 id
677 1717 768 1804 quod
800 1719 923 1784 Aeneas
960 1717 1070 1786 Silvius
1099 1720 1198 1796 dicit,

94 1825 276 1891 sacerdotes
306 1824 393 1910 apud
421 1823 547 1900 Frisios,
587 1845 627 1890 ne
656 1826 760 1890 aliena
790 1825 907 1892 cubilia
936 1828 1103 1914 polluant,
1135 1829 1201 1896 sine

94 1935 237 2019 coniuge
269 1952 339 1997 non
370 1931 461 1998 facile
483 1931 624 2007 admitti.
659 1954 699 1998 eo
728 1934 819 2020 quod
840 1935 891 2000 rix
912 1937 1077 2002 continere
1097 1934 1199 2001 homi·

4 2047 6 2104 j
98 2063 176 2107 nem
189 2041 232 2127 (l)
265 2053 295 2130 et
315 2063 408 2126 super
429 2051 578 2106 naturam
599 2042 817 2119 arbitrantur.
837 2067 903 2110 non
923 2067 988 2112 esse
1009 2063 1116 2132 neque
1137 2065 1199 2108 un·

4 2167 5 2170 ’
95 2171 195 2238 quam
227 2151 316 2216 luisse
345 2149 453 2217 veiam
487 2150 591 2236 (quod
620 2150 705 2216 salva
724 2169 806 2236 paee
826 2152 905 2215 tanti
925 2152 982 2216 riri
1003 2150 1125 2218 dictum
1146 2149 1197 2231 sit)

3 2241 4 2250 ἵ
95 2260 250 2326 audacter
281 2260 366 2328 dico.
408 2259 447 2324 Et
480 2260 588 2324 nescio
610 2279 630 2322 a
650 2277 718 2345 quo
737 2256 908 2344 falsiloquo
930 2265 1023 2322 tanto
1043 2256 1112 2322 viro
1133 2266 1199 2322 tam

2 2347 3 2364 ¹
95 2370 188 2434 anilis
217 2377 248 2434 et
279 2367 356 2432 falsa
390 2367 514 2452 (audita
546 2367 628 2432 enim
659 2367 794 2453 scripsit)
828 2386 976 2452 persuasa
1008 2366 1047 2430 sit
1068 2362 1196 2441 tabula.

1 2509 2 2548 1
94 2500 170 2543 eum
191 2475 357 2542 manifeste
377 2484 511 2551 constet,
536 2476 567 2540 in
590 2474 651 2540 hac
671 2484 767 2560 gente
786 2495 908 2562 semper
928 2473 1030 2552 fuum
1048 2484 1080 2542 et
1092 2473 1199 2541 adhue

95 2609 161 2652 esse
187 2587 303 2650 multos
333 2604 372 2650 ac
405 2605 473 2649 non
501 2603 609 2668 pauco
629 2602 762 2649 numero
782 2582 1000 2648 mundissimos
1019 2582 1199 2649 sacerdotes

1 2715 2 2728 ³
95 2705 194 2781 atque
223 2693 417 2760 castissimos.
460 2691 570 2776 Neque
600 2701 706 2754 tamen
738 2689 916 2772 impudicos
946 2700 977 2753 et
1008 2690 1198 2756 fornicarios

92 2825 149 2868 eos
170 2801 284 2866 habere
306 2819 376 2864 non
397 2817 520 2884 paucos
539 2796 738 2882 negaverim
759 2795 814 2859 sed
835 2813 1009 2881 quaegens
1030 2806 1085 2858 aut
1105 2798 1198 2861 natio

1 2959 2 2990 ἶ
93 2912 210 2978 talibus
230 2921 332 2985 caret,
366 2909 418 2972 illa
439 2907 575 2992 primum
595 2904 733 2990 lapidem
753 2903 788 2967 in
810 2902 999 2970 fornicarios
1018 2902 1198 2968 sacerdotes

91 3019 209 3086 Frisiae
228 3019 342 3084 mittat.
385 3014 477 3098 Quae
499 3011 606 3099 (rogo)
629 3013 857 3098 consequentia
880 3021 945 3090 est,
976 3021 1011 3078 ut
1032 3009 1118 3076 Frisii
1139 3010 1198 3074 lro·

90 3131 212 3194 minem
232 3125 400 3191 continere
418 3141 452 3188 se
471 3141 562 3207 poue
581 3140 674 3206 super
694 3130 844 3186 naturam
865 3118 1074 3194 arbitrentur.
1095 3141 1197 3206 quum

1 3245 2 3248 ’
92 3251 159 3304 tam
179 3238 298 3310 multa,
331 3242 398 3297 tam
429 3232 580 3317 opulenta
609 3238 640 3294 et
661 3227 776 3314 regalia
796 3230 831 3292 in
852 3228 913 3293 suis
933 3229 1021 3293 terris
1040 3228 1196 3297 landave-

90 3350 158 3412 rint
188 3343 399 3418 monasteria,
432 3342 466 3404 iu
497 3339 613 3426 quibus
642 3358 743 3424 paene
767 3335 1014 3402 innumerabiles
1033 3338 1196 3424 utrimque

90 3477 182 3522 sexus
212 3452 378 3521 castissime
408 3459 440 3515 et
469 3448 659 3514 sanctissime
688 3445 748 3510 sub
777 3446 910 3532 regulari
940 3445 1108 3529 disciplina
1129 3446 1197 3510 Deo

91 3565 238 3629 militent.
279 3559 376 3643 Quod
405 3554 541 3643 denique
562 3555 706 3619 Frisouee
727 3552 813 3639 apud
835 3554 939 3616 claros
958 3551 1105 3620 authores
1127 3553 1196 3616 aelo

94 3671 245 3738 uastitatis
262 3687 338 3754 prae
358 3664 488 3732 caeteris
507 3660 681 3726 laudantur
699 3656 883 3725 nationibus
903 3677 973 3724 non
995 3656 1197 3744 indignanter

94 3799 205 3866 quaeso
234 3777 428 3862 accipiatur3
461 3771 551 3836 huius
579 3769 700 3856 quippe
732 3769 777 3832 rei
808 3775 899 3833 testes
931 3768 1070 3854 (praeter
1100 3789 1195 3854 supra

91 3887 210 3972 dictos)
240 3887 345 3973 plures
366 3883 533 3968 scriptores
566 3879 639 3963 (nisi
668 3877 811 3944 brevitati
841 3875 1011 3961 studerem)
1036 3875 1196 3941 adducere

91 4018 227 4085 possem.
271 3995 343 4080 Legi
378 4010 480 4076 nuper
512 3988 547 4050 in
577 3986 780 4052 vetustissimo
802 3984 882 4050 libro
903 4003 1082 4050 sermonum
1102 4003 1195 4068 prae·

130 4236 174 4306 (*)
213 4234 235 4284 s.
254 4228 331 4300 qaod
349 4245 378 4281 se
397 4223 541 4279 continere
559 4221 607 4281 ria
625 4216 760 4273 hominis.
