2950 5144
500 482 749 550 clutotttcott.
1129 491 1173 558 87

58 673 105 717 sc
141 671 201 736 pro
233 651 348 714 maiori
379 660 469 735 parte
489 671 528 716 ex
548 653 662 739 Anglia
684 653 813 738 ingerit.
855 654 928 720 lion
950 664 1058 720 tamen
1081 657 1173 740 peni-

59 771 119 824 tus
140 759 309 843 exstirpare
329 779 384 824 eos
403 769 588 843 potuerunt.
631 762 712 826 llam
744 763 792 845 (ut
814 764 904 828 relert
926 764 1015 830 Beda
1035 765 1070 827 in
1092 761 1174 827 libro

59 889 160 953 saepe
193 868 295 932 citato
327 867 368 932 tle
397 869 489 952 pestis
508 869 699 954 Anglorum)
721 880 865 954 tempore
884 871 1017 937 llruritii
1037 871 1174 955 impers-

61 976 162 1051 toris‚
197 975 256 1058 qui
288 975 393 1058 eoepit
425 994 517 1040 anno
549 975 669 1040 domini
702 976 840 1052 dlxxxii,
875 997 967 1043 anno
1000 979 1088 1062 regni
1108 977 1174 1040 eius

61 1085 137 1158 xiv,
179 1082 293 1147 beatus
332 1081 499 1168 Gregorius
527 1103 612 1168 papa
645 1084 726 1148 misit
757 1086 961 1170 Augustinurn
991 1084 1175 1169 praedicare

61 1191 199 1259 verbum
221 1190 276 1256 llei
305 1191 392 1275 genti
424 1191 616 1275 buglorum.
634 1257 638 1263 ,
653 1211 740 1256 anno
773 1190 815 1256 ab
846 1192 985 1258 adventu
1006 1211 1117 1256 eorum
1138 1192 1173 1253 in

63 1299 241 1364 Britannia
271 1299 395 1364 circiter
428 1298 513 1362 dlviii
543 1308 700 1379 regnante
720 1309 800 1364 tuno
821 1299 856 1361 in
878 1297 993 1363 Gratia
1014 1298 1174 1364 Edilberto

64 1428 147 1493 rege
176 1406 408 1490 potenti-mo,
456 1407 514 1490 qui
544 1407 608 1471 lere
638 1427 713 1472 oum
745 1406 831 1470 omni
862 1416 959 1492 gente
988 1425 1044 1470 sua
1076 1403 1175 1470 fidem

65 1513 281 1582 Christianam
310 1513 424 1579 devote
455 1520 600 1599 suscepit.
644 1515 720 1580 llrat
753 1525 857 1581 eutem
890 1512 974 1580 idem
995 1511 1176 1580 lldilhreoht

66 1624 162 1708 (teste
201 1623 291 1689 Beda
330 1621 411 1688 libro
450 1624 471 1687 ii
502 1623 648 1689 historiae
678 1626 856 1710 Anglorum
887 1625 994 1711 eapite
1025 1624 1057 1709 v)
1093 1623 1175 1688 filius

65 1731 274 1807 lurminrioi,
310 1733 399 1797 cuius
429 1742 520 1816 pater
552 1730 660 1807 Occu,
696 1735 784 1799 ouius
804 1745 896 1818 pater
916 1731 1029 1799 Orrioh
1050 1751 1176 1818 cogno·

65 1852 180 1906 mento
201 1839 316 1918 0isolr,
340 1841 429 1904 ouius
448 1849 540 1923 pater
559 1840 707 1926 hengist,
741 1842 798 1926 qui
819 1862 893 1906 oum
913 1842 980 1907 filio
1000 1860 1058 1905 suo
1078 1838 1176 1905 Oisok

64 1949 272 2015 Britanniam
301 1949 419 2033 primus
444 1948 584 2014 intrarit.
635 1949 681 2014 llx
712 1949 759 2013 his
791 1949 895 2016 Bedae
925 1949 1026 2015 verbis
1046 1955 1175 2014 constat

65 2059 211 2124 Saxones
241 2067 274 2120 et
306 2056 449 2120 Frisones
468 2075 640 2140 nunqnam
659 2057 786 2140 penitus
807 2077 846 2119 ex
866 2054 1050 2131 Britannia,
1083 2074 1175 2120 nunc

64 2167 206 2252 anglia.
241 2164 333 2226 luisse
364 2164 559 2246 exstirpator.
602 2163 641 2226 Et
661 2183 699 2226 ex
719 2161 833 2226 horum
864 2163 1017 2247 progenie
1046 2161 1174 2224 fuonrnt

63 2286 196 2342 sanctus
216 2271 418 2338 Wilbrordus
438 2271 472 2334 in
494 2269 607 2355 Anglia
628 2278 719 2334 notus
739 2290 813 2334 oum
834 2270 914 2345 suis.
947 2269 1005 2356 qui
1025 2287 1100 2334 etim
1120 2267 1175 2330 illo

64 2384 107 2448 ad
139 2379 399 2467 praedicandum
430 2377 540 2442 Christi
572 2377 770 2464 evangelium
801 2375 978 2442 Frisonibus
1007 2385 1039 2441 et
1073 2374 1174 2440 Saxo·

65 2492 164 2556 nibus
195 2489 374 2554 Traiectum
406 2485 613 2550 advenerant.
668 2485 812 2550 Testatur
846 2483 908 2550 hoo
940 2485 1023 2550 idem
1065 2483 1175 2549 beatus

65 2598 271 2664 Marcellinus
301 2596 337 2658 in
367 2593 501 2679 legenda
532 2593 636 2657 sancti
668 2591 837 2659 Swidberti
869 2593 1028 2676 episcopi,
1051 2591 1106 2656 ubi
1127 2593 1175 2656 lo·

1 2751 2 2759 1
64 2708 179 2793 quitur
211 2707 252 2769 de
284 2702 430 2767 undecim
460 2701 532 2766 viris
563 2700 681 2764 sanctis
700 2709 732 2762 et
751 2699 875 2772 doctis,
908 2698 1059 2783 quicum
1079 2699 1174 2764 besto

62 2813 279 2882 willibrordo
310 2811 412 2895 primo
443 2808 622 2893 Trajeotum
651 2814 822 2882 venerant,
847 2804 971 2870 dioens:
1015 2805 1053 2868 Et
1073 2825 1174 2890 quum

1 2948 2 2966 t
63 2923 100 2986 hi
134 2921 240 2984 sancti
270 2899 417 2983 ‹lootores
446 2915 615 3000 propagati
646 2915 773 2979 hierunt
804 2914 837 2977 in
871 2912 986 2999 anglia
1017 2912 1058 2977 de
1078 2911 1174 2996 stirpe

1 3017 12 3070 3·
63 3029 230 3095 Frisonioa
250 3037 282 3091 et
302 3025 483 3099 Saxonioa.
511 3023 584 3088 ideo
605 3023 832 3088 convenienter
852 3022 1039 3107 praedicare
1059 3032 1173 3106 potue·

64 3147 145 3202 runt
166 3137 211 3200 eis
239 3134 437 3220 evangelium
458 3131 568 3197 Christi
589 3132 624 3195 in
646 3132 754 3217 lingua
774 3131 975 3196 Germanica.
1019 3129 1100 3194 llicit
1120 3129 1173 3192 in·

64 3265 161 3329 super
182 3241 338 3309 chronica
356 3240 529 3313 Leidensis.
550 3235 641 3323 quod
652 3247 782 3303 sanctus
793 3236 1016 3302 Willibrordns
1026 3234 1172 3300 oumsuis

63 3353 230 3439 exAnglia
241 3349 372 3416 veniens
392 3348 527 3432 primum
549 3343 893 3430 eppliouitWalaoriae
914 3344 1035 3408 insulae
1056 3343 1170 3408 zelon·

63 3462 153 3540 diae,
195 3470 228 3523 et
260 3460 347 3524 venit
377 3457 412 3518 in
443 3452 677 3538 Westoapelln,
711 3450 767 3516 uhi
788 3453 870 3516 lleus
889 3461 958 3515 erat
978 3451 1168 3523 Mercurius,

45 3570 172 3655 'ibique
194 3566 394 3652 evangelium
414 3565 521 3648 lingna
542 3560 724 3636 lirisouioe,
756 3558 846 3642 quasi
868 3558 953 3622 Friso
973 3553 1167 3630 llrisonibus.

62 3676 275 3762 praedicarit.
320 3671 373 3736 llis
393 3671 466 3736 satis
485 3667 657 3754 probatum
680 3665 816 3731 arbitror
835 3665 957 3750 Anglos
977 3682 1047 3730 nou
1069 3661 1169 3730 modo

1 3771 2 3774 ¹
63 3807 84 3852 a
109 3781 309 3858 saxonibus,
333 3779 504 3846 sedetiam
525 3797 545 3840 o
565 3775 665 3840 Frisiis
685 3775 839 3860 originem
860 3772 1013 3844 babtista.

464 3978 549 4022 blm
570 3976 661 4020 enlm
682 3977 772 4023 ttttls.

562 4149 684 4196 ⁰0⁰0*
