2916 5150
312 471 370 534 132
748 457 968 522 WORPERI

412 684 470 739 Be
488 679 705 738 rebellione
723 671 890 732 menate
907 674 950 730 et
966 673 1150 730 ruentes
1168 672 1304 729 contro

586 770 813 840 episcopan
830 766 1134 848 moelem-7

765 957 856 1022 Cll’.
876 955 944 1024 XV.

351 1185 446 1243 Anno
479 1174 606 1254 Domini
635 1193 749 1239 mcxcv
782 1171 984 1242 baldewinus
1014 1170 1179 1236 vicesimus
1208 1189 1309 1242 nonus
1326 1170 1397 1253 epis·

310 1306 410 1371 copus
447 1282 669 1358 Traiectensis,
699 1282 796 1346 irater
825 1278 1009 1344 Theoderici
1028 1289 1062 1343 et
1083 1277 1242 1342 Wilbelmi
1264 1278 1397 1342 comitum

309 1392 497 1458 llollandiae
516 1402 547 1455 et
567 1389 693 1455 Ottonis
713 1388 836 1454 comitis
857 1388 898 1451 de
918 1387 1089 1462 Benthem,
1111 1386 1271 1470 sapienter
1287 1395 1317 1448 et
1336 1405 1398 1450 cun

310 1520 426 1584 magna
455 1497 644 1561 auctoritate
671 1491 798 1578 regebat
819 1493 967 1558 Trentam
988 1503 1020 1557 et
1040 1493 1208 1560 Twentam
1229 1492 1400 1557 cumomni

309 1606 427 1669 diocesi
465 1626 531 1671 sus.
585 1604 740 1688 Tempore
771 1601 950 1668 baldewini
979 1602 1121 1686 episcopi
1153 1601 1317 1666 contentio
1342 1609 1399 1664 erat

310 1715 389 1776 inter
417 1711 601 1795 episcopum
630 1711 857 1774 Traiectensem
878 1718 910 1773 ct
931 1708 1014 1773 cives
1034 1708 1269 1790 Groningenses
1287 1716 1401 1792 propter

309 1820 473 1887 ecclesiam
502 1818 621 1883 sanctis
651 1816 842 1900 walburgis.
884 1816 1058 1900 Episcopus
1089 1825 1195 1881 autem
1215 1814 1335 1880 volebat
1353 1836 1401 1880 ec·

311 1930 437 1994 clesiam
469 1924 644 2012 praelatam
676 1944 736 2008 pro
768 1944 825 1988 sua
856 1924 970 1988 sacella
1003 1923 1135 2000 babere,
1170 1924 1310 2010 allegans
1327 1924 1401 1988 illam

223 2096 227 2106 ,
310 2057 431 2122 semper
462 2056 590 2099 suorum
620 2045 857 2100 antecessorum
893 2033 984 2098 fuisse
1013 2032 1198 2098 oratorium.
1243 2033 1269 2098 Ε
1300 2042 1400 2098 contra

311 2146 393 2210 cives
414 2143 648 2227 Groninpenses
678 2141 766 2206 illam
788 2162 879 2205 suam
898 2160 964 2204 esse
984 2137 1169 2224 parochiam
1190 2139 1399 2215 affirmabant,

311 2264 407 2338 atque
437 2250 630 2336 temporibus
658 2249 743 2314 beati
765 2248 919 2314 Wallredi
942 2248 1034 2314 veluti
1056 2269 1162 2313 arcem
1183 2257 1301 2314 contra
1319 2249 1402 2314 Nort-

310 2380 449 2424 mannos
470 2359 685 2426 aedificatam.
727 2358 832 2439 Quare
853 2357 1088 2442 Groningenses
1108 2376 1178 2421 non
1200 2358 1301 2423 multo
1320 2367 1400 2442 post,

309 2477 440 2552 propter
461 2467 603 2530 timorem
623 2465 780 2551 episcopi,
806 2465 998 2550 superiorem
1020 2464 1208 2530 testudinem
1229 2465 1403 2550 praedictae

310 2574 459 2640 ecclesiae
488 2575 628 2638 demoliti
658 2583 743 2638 sunt.
787 2573 889 2658 Super
919 2594 989 2659 quc
1019 2574 1234 2660 abepiscopo
1257 2571 1403 2659 redarguti
1446 2585 1447 2592 ’

310 2695 406 2769 atque
446 2682 487 2748 de
516 2686 696 2749 iuramento
735 2682 911 2759 admoniti,
956 2684 1046 2768 quod
1078 2683 1234 2748 llarberto
1266 2683 1403 2768 episeopo

309 2795 509 2866 iuraverant,
555 2813 597 2856 ne
631 2791 800 2876 (videlicet)
837 2790 996 2856 civitatem
1028 2812 1117 2855 suam
1147 2812 1294 2877 unquam
1320 2807 1403 2851 muro

309 2905 488 2988 cingerent,
532 2901 631 2985 magis
669 2899 824 2985 indignati
864 2908 948 2984 sunt.
1002 2898 1146 2964 Habebat
1178 2899 1342 2984 episcopus
1369 2915 1404 2960 eo

309 3021 453 3092 tempore
483 3005 694 3071 castellanum
724 3008 758 3070 in
792 3014 897 3070 castro
925 3005 1102 3072 Covordiae
1132 3008 1333 3072 Laurentium
1351 3026 1405 3070 no·

309 3117 412 3191 mine,
447 3115 503 3200 qui
534 3115 617 3179 ultra
638 3136 736 3200 quam
757 3113 815 3178 sibi
835 3115 1042 3180 constitutum
1063 3115 1182 3192 fuerat,
1217 3115 1360 3201 exigebat
1378 3122 1405 3178 et
1446 3179 1447 3186 ,

308 3223 437 3287 extorsit
458 3221 641 3288 scurribus
660 3223 834 3308 ceterisque
855 3221 947 3288 bonis
967 3221 1091 3288 Ottonis
1112 3226 1235 3290 comitis
1257 3226 1298 3290 de
1317 3225 1404 3287 Bent-

308 3331 399 3405 bcm,
430 3330 534 3395 fratris
564 3329 742 3394 baldewini
773 3330 912 3415 episcopi
933 3331 1154 3408 Traiectensis,
1179 3331 1404 3398 transeuntibus

307 3449 339 3503 et
370 3440 433 3504 sitis
464 3440 549 3504 circa
583 3438 795 3513 Covordiam,
828 3459 890 3504 nec
922 3439 1104 3505 admonitus
1138 3439 1179 3504 ab
1200 3443 1347 3526 episcopo
1367 3436 1404 3500 ab

305 3549 438 3633 incepto
470 3546 595 3630 destitit.
638 3547 776 3612 Tandem
797 3547 964 3632 episcopus
993 3547 1198 3615 baldewinus
1219 3557 1405 3635 congregato

305 3657 444 3721 exercitu
474 3653 596 3720 obsedit
628 3652 819 3720 Covordiam
848 3665 880 3720 et
913 3665 1050 3720 castrum
1082 3657 1150 3722 sine
1182 3656 1406 3722 intermissione

305 3762 532 3834 instrumentis,
568 3759 684 3845 quibus
715 3771 867 3846 poterat,
898 3761 1015 3829 bellicis
1046 3764 1240 3850 impugnans
1261 3765 1304 3830 ad
1325 3762 1406 3829 dedi·

304 3872 426 3936 tionem
457 3851 559 3934 castri
582 3869 789 3933 Laurentium
822 3869 938 3955 adegit.
983 3872 1057 3953 Quo
1077 3882 1176 3958 capto
1197 3881 1336 3938 castrum
1355 3869 1406 3934 Ot-

304 3981 374 4044 toni
407 3978 515 4045 comiti
549 3977 590 4042 de
611 3976 766 4043 Bentbem
788 3978 877 4042 fratri
897 3999 955 4042 suo
977 3980 1220 4045 custodiendum
1241 3977 1403 4046 commisit.

305 4087 427 4152 Deinde
452 4089 571 4174 exiguo
592 4086 780 4170 interposito
801 4096 958 4172 tempore,
982 4086 1132 4153 Tolkerus
1152 4089 1312 4174 privignus
1332 4087 1407 4150 Lau·

207 4209 211 4218 ’
305 4193 395 4258 rentii
425 4195 580 4279 praedicti
612 4195 727 4260 auxilio
758 4214 886 4258 suorum
920 4203 1057 4258 castrum
1088 4195 1284 4281 negligenter
1305 4204 1407 4260 custo·
