2950 5144
302 498 344 564 π
749 494 974 561 Wottpant

300 685 379 730 nam
400 667 527 750 penitus
547 663 737 729 minabatur.
779 664 853 727 lllox
873 662 928 738 lsi,
962 662 1018 748 qui
1041 661 1183 750 agiliores
1203 671 1322 736 erant,
1348 663 1426 726 des-

302 772 403 837 censis
446 773 507 835 snis
547 793 684 858 propere
723 769 876 847 caballis,
908 792 1028 857 equum
1061 781 1164 836 terrae
1194 768 1424 836 inhaerentem

301 889 520 956 extraxerunt,
558 882 727 966 statimque
755 880 831 944 fons
862 880 1090 965 limpidissimus
1115 887 1244 965 praeter
1273 899 1424 944 consue·

300 987 442 1054 tudinem
473 989 597 1073 patriae
628 987 875 1074 prorumpebat,
908 990 1006 1054 mirae
1036 988 1214 1064 maritatis,
1237 996 1330 1074 gustu
1353 1009 1425 1073 po-

300 1105 402 1160 tantes
422 1095 599 1164 oblectans.
643 1097 706 1178 Qui
727 1115 785 1181 per
805 1097 985 1182 incognitos
1006 1109 1127 1164 meatus
1149 1097 1309 1162 transiens
1332 1097 1423 1162 adeo

298 1203 445 1288 profluus
484 1205 602 1280 fiebat,
648 1215 683 1270 ut
716 1205 779 1269 iarn
811 1205 896 1272 rivus
927 1207 1081 1270 maximus
1113 1204 1281 1271 rideretur.
1337 1195 1422 1287 Quo

301 1311 514 1396 obstupefacti
533 1311 688 1377 miraculo
707 1313 917 1391 exsultantes,
951 1334 1011 1389 ea,
1043 1333 1127 1399 quae
1147 1311 1316 1388 riderent,
1338 1313 1421 1378 ubi·

299 1439 365 1504 que
397 1412 652 1504 divulgaverunt,
684 1421 900 1507 glorificantes
931 1420 1006 1486 inde
1027 1421 1138 1487 Deum.
1183 1421 1270 1486 llaec
1301 1421 1416 1486 omnin

299 1537 424 1611 sumpta
454 1536 530 1590 sunt
561 1547 600 1590 ex
632 1527 767 1612 legenda
798 1529 910 1593 veriori
937 1531 1037 1595 sancti
1071 1528 1230 1593 Bonilacii
1251 1529 1422 1614 martyris..

298 1636 351 1699 Est
382 1634 476 1700 hodie
506 1635 540 1698 in
572 1636 647 1701 loco
676 1636 730 1701 ubi
762 1648 890 1702 sanctus
925 1637 1104 1702 Bonifacius
1138 1656 1213 1701 cum
1234 1635 1298 1700 suis
1319 1637 1416 1701 sociis

297 1744 485 1829 martyrium
516 1764 626 1828 passus
658 1754 722 1822 est,
752 1745 866 1809 nobilis
886 1755 1069 1810 constructa
1090 1744 1222 1811 ecclesia
1243 1765 1319 1808 cum
1340 1766 1416 1808 mo·

298 1853 459 1929 naslerio,
496 1854 548 1918 cui
579 1874 669 1918 nunc
700 1854 854 1919 canonici
874 1863 1196 1940 praemonstratenses
1217 1852 1409 1919 deserviunt.

298 1959 404 2041 Quam
437 1971 545 2027 tamen
567 1962 642 2026 olim
664 1964 842 2028 canonicos
864 1964 1019 2048 regulares
1040 1962 1176 2026 tenuisse
1196 1959 1409 2038 crediderim,

297 2087 337 2132 eo
368 2069 458 2154 quod
486 2079 616 2135 sanctus
636 2070 861 2136 Willibrordus
891 2071 1010 2156 primus
1041 2071 1208 2155 episcopus
1229 2069 1410 2136 Traiecten·

297 2175 337 2239 sis
368 2197 442 2240 cum
474 2178 536 2242 suis
566 2179 676 2256 sociis,
710 2191 741 2244 et
773 2191 902 2244 sanctus
933 2179 1121 2243 Bonifaoius
1140 2178 1193 2242 xiii
1216 2178 1313 2241 annis
1334 2200 1410 2243 cum

296 2304 337 2348 eo
369 2294 446 2350 ante
477 2286 695 2370 episcopatum
727 2309 833 2362 mum,
857 2297 889 2350 et
909 2287 1051 2372 episcopi
1071 2285 1286 2351 Traiectenses
1306 2288 1412 2352 multo

197 2377 205 2400 ⁸
295 2401 439 2475 tempore
469 2401 541 2474 post
572 2413 645 2468 eos,
668 2393 726 2457 sub
747 2394 858 2459 habitu
877 2405 909 2458 et
930 2396 1036 2480 regula
1057 2396 1294 2460 canonicorum
1315 2418 1409 2482 regu-

295 2498 409 2561 larium
442 2497 575 2564 Traiecti
606 2501 642 2564 in
676 2503 868 2567 monasterio
903 2502 995 2587 (teste
1014 2503 1190 2568 Marcelino
1211 2504 1247 2567 in
1270 2504 1407 2592 legenda

294 2605 399 2670 sancti
410 2604 593 2693 Swidberti)
605 2609 780 2695 degerunt,
802 2621 833 2674 et
855 2610 896 2675 ab
917 2611 990 2696 ipsis
1009 2612 1113 2696 primo
1134 2610 1349 2676 inhabitatum
1362 2613 1407 2676 ri·

293 2712 387 2780 detur
407 2714 471 2780 hoc
491 2717 715 2781 monasterium
736 2718 771 2780 in
795 2717 959 2794 boclam,
977 2717 1022 2781 uti
1034 2718 1106 2782 luce
1127 2718 1239 2782 clarius
1250 2739 1289 2783 ex
1299 2719 1409 2782 multis

293 2825 415 2910 scriptis
434 2826 655 2910 episcoporum
666 2825 910 2892 Traicotensiurn
923 2827 1020 2892 videri
1031 2828 1139 2912 possit.
1164 2827 1294 2893 Videtur
1305 2827 1408 2892 etiam

292 2935 357 3000 hoc
378 2934 605 2997 monasterium
626 2934 661 2995 in
691 2933 836 2998 Doclrum
857 2936 996 3020 primum
1027 2945 1058 3000 et
1080 2936 1318 3002 vetustissimum
1340 2957 1408 3002 esse

292 3043 388 3106 totius
407 3041 541 3114 frisiae,
574 3041 650 3126 quie
679 3042 767 3106 haud
799 3043 898 3107 multo
927 3054 999 3128 post
1020 3055 1154 3110 mortem
1175 3046 1282 3110 sancti
1302 3044 1405 3109 Boni-

290 3151 365 3215 fecii
386 3147 557 3212 fundatum
581 3159 723 3234 apparet.
753 3149 873 3215 Scribct
894 3151 1120 3218 enimsanclus
1135 3151 1403 3236 Rixfridus,sep-

289 3258 383 3324 timus
403 3256 800 3341 episcopus'lraiectensis‚
821 3260 857 3322 in
878 3231 1022 3344 quadam
1043 3260 1174 3346 epistola
1188 3261 1231 3323 ad
1252 3271 1402 3326 sanctum

290 3367 470 3452 Ludgerum
502 3365 638 3450 primunr
669 3367 853 3452 episcopum
883 3368 1158 3434 llonasteriensem
1185 3369 1256 3434 sic:
1300 3371 1401 3434 Penes

288 3497 350 3540 nos
381 3477 414 3539 in
450 3485 562 3539 nostro
592 3477 783 3541 monasterio
814 3477 929 3542 frisiae
949 3478 984 3541 in
1005 3479 1077 3542 rico
1101 3477 1248 3542 llockum
1270 3479 1306 3542 in
1329 3499 1400 3563 quo

288 3583 400 3648 beatus
431 3583 616 3649 Bonifecius
647 3585 801 3651 secundus
835 3587 1039 3653 Traiectensis
1058 3588 1208 3652 ecclesiae
1230 3586 1401 3672 archiepis·

290 3713 391 3778 copus
421 3713 495 3757 cum
526 3694 764 3780 quinquaginta
786 3716 852 3759 uno
873 3696 1021 3761 fratribus
1041 3697 1227 3782 martyrium
1249 3696 1395 3780 pertulit,

289 3811 352 3870 etc.
395 3800 432 3863 Et
464 3800 547 3864 infra
580 3803 615 3864 in
644 3802 756 3868 eadem
787 3804 919 3889 epistola
951 3805 1029 3870 dicit
1060 3805 1123 3869 sic:
1166 3804 1400 3869 Admonitione

287 3919 319 3976 et
350 3908 566 3974 exhortatione
597 3910 730 3974 fratrum
752 3923 931 3978 conventus
950 3913 1153 3978 Traiectensis
1174 3923 1205 3978 et
1226 3913 1399 3999 praecipue

286 4020 419 4084 fratrum
449 4017 482 4082 in
511 4017 657 4083 Doclmm
689 4019 730 4083 ad
758 4030 846 4086 tuam
865 4023 1063 4088 fraternalem
1084 4022 1288 4088 dilectionem
1309 4024 1397 4087 fidis·

287 4129 398 4192 simum
421 4128 522 4193 habeo
543 4149 714 4195 accessum.
755 4131 801 4196 Ex
822 4131 868 4196 his
888 4133 986 4198 sancti
1008 4132 1142 4198 Riafridi
1162 4133 1304 4218 episcopi
1327 4132 1398 4219 (qui

285 4237 392 4304 floruit
424 4257 510 4302 anno
542 4237 668 4302 Domini
701 4239 781 4326 riiif)
805 4241 924 4318 verbis,
956 4263 1013 4306 suo
1046 4251 1188 4326 tempore
1222 4242 1284 4308 laos
1306 4241 1398 4308 fuisse
