2950 5144
293 476 337 538 80
740 468 964 536 Wottltnltl

292 640 361 708 riae
390 640 523 705 comites
552 639 653 705 virum
685 640 740 704 Dei
773 639 951 726 budgerum
972 637 1207 704 subdiaconum
1229 641 1350 723 pariter
1372 649 1402 704 et

293 749 494 836 Sigeboldum
525 750 711 816 diaconum.
754 750 828 816 Erat
860 751 980 835 quippe
1009 770 1047 813 ea
1080 757 1263 833 tempestate
1293 748 1403 812 famo·

292 860 424 924 sissimus
455 859 571 924 doctor
600 859 753 925 Aletrinus
774 859 808 923 iu
831 859 962 944 Anglia‚
991 857 1049 943 qui
1067 856 1272 940 postmodum
1294 856 1402 922 Caroli

292 967 403 1051 magui
441 966 647 1032 adolescentis
684 967 742 1029 luit
782 977 984 1050 praeceptor.
1040 964 1133 1030 Cuius
1164 965 1261 1028 etiam
1290 965 1402 1032 farore

293 1075 378 1140 idem
411 1075 584 1160 imperator
612 1075 852 1144 famosissimum
872 1075 949 1138 illud
970 1073 1044 1138 olim
1064 1073 1239 1140 universale
1259 1071 1400 1138 studium

293 1183 334 1248 de
355 1182 484 1248 Athenis
513 1183 656 1248 Romam
689 1184 895 1260 translatum,
931 1204 969 1248 ex
1000 1183 1078 1248 inde
1099 1182 1133 1245 in
1154 1182 1289 1246 Francia
1309 1181 1399 1246 Pari-

293 1292 372 1355 sium
412 1293 580 1358 transtulit.
633 1293 690 1357 llic
731 1293 824 1378 igitur
865 1292 1017 1356 Alcuinus
1054 1291 1170 1355 doctor
1201 1291 1397 1375 praeclaram

294 1401 435 1466 omnium
472 1401 629 1466 bonarum
671 1411 701 1466 et
732 1402 944 1486 ingenuarum
977 1401 1092 1464 artium
1125 1421 1165 1464 ac
1196 1399 1400 1464 scientiarum

293 1508 433 1575 scholam
463 1512 498 1572 in
531 1509 655 1575 civitate
687 1507 935 1572 Eboraeensium
957 1509 1070 1575 tenuit.
1114 1507 1210 1570 Huius
1231 1507 1399 1572 confestim

292 1616 502 1681 familiaritate
532 1617 578 1682 vir
600 1616 653 1680 uei
675 1616 834 1702 ludgerus
854 1616 991 1702 potitus.
1022 1637 1222 1700 perannum
1242 1617 1398 1701 integrum

292 1725 372 1789 illius
403 1724 532 1789 lectioni
561 1723 735 1790 insistebat.
778 1725 852 1789 Post
885 1725 960 1788 anni
983 1745 1057 1789 vero
1080 1723 1254 1800 circutum.
1287 1723 1400 1788 diaco·

293 1843 386 1898 natus
426 1833 535 1896 ordine
576 1842 748 1917 percepto,
794 1854 869 1897 cum
900 1830 1046 1897 Aelbrico
1077 1832 1275 1917 episcopatus
1306 1833 1400 1917 apice

292 1942 435 2026 insignito
457 1941 633 2006 Traiectum
656 1961 792 2004 reversus
812 1951 869 2007 est.
903 1939 1053 2019 Sed-non
1074 1940 1174 2004 multo
1194 1950 1266 2025 post
1284 1941 1398 2004 iterum

291 2049 402 2114 beatus
431 2050 597 2135 Gregorius
626 2049 708 2112 misit
738 2048 916 2134 Ludgerum
948 2047 990 2112 ad
1011 2049 1182 2114 Alcuiuum
1202 2049 1308 2113 studio
1329 2049 1399 2114 lite·

291 2179 398 2225 rurum
418 2157 626 2223 imbuendum
647 2156 683 2220 in
705 2156 952 2222 Eboracensium
972 2157 1109 2222 civitate.
1152 2156 1212 2221 Ubi
1234 2169 1295 2222 tres
1315 2158 1398 2222 inte·

292 2287 365 2352 gros
386 2287 492 2331 annos
513 2289 585 2332 cum
607 2266 738 2330 dimidio
759 2267 945 2350 persistens.
968 2269 1087 2332 nedum
1107 2288 1215 2332 sacras
1235 2267 1396 2352 utriusque

293 2375 471 2440 testamenti
503 2374 673 2457 scripturas
693 2373 840 2449 revolvit,
874 2373 929 2437 sed
950 2383 981 2438 et
1002 2375 1154 2460 ingenuas
1175 2384 1258 2438 artes
1278 2375 1398 2439 bonas·

292 2502 357 2569 que
400 2481 548 2546 scientias
588 2481 767 2546 literaturae
801 2484 949 2547 secularis
980 2484 1124 2568 pervidit.
1175 2484 1310 2569 Fuitque
1339 2483 1397 2569 ipsi

291 2591 428 2657 Alcuino
456 2589 607 2675 magistro
636 2608 694 2652 suo
726 2609 766 2654 ac
786 2587 935 2653 omnibus
956 2591 1180 2675 condiscipulis
1201 2591 1399 2656 honorabilis

290 2711 323 2766 et
355 2708 514 2786 acceptus.
557 2698 658 2762 Porro
687 2697 802 2760 diutius
833 2697 895 2762 illic
926 2698 1086 2782 Ludgerus
1105 2700 1298 2784 perstitisset,
1336 2700 1399 2764 nisi

291 2811 434 2897 quadam
476 2809 568 2873 tristis
607 2807 683 2872 sacti
714 2808 884 2872 occasione
914 2809 1131 2894 praepeditus,
1172 2809 1246 2873 inde
1279 2810 1400 2875 cedere

291 2929 423 2985 coactus
442 2917 556 2980 luisset.
587 2915 711 2980 Accidit
733 2935 875 3002 namque
895 2919 986 3003 quod
1006 2919 1039 2983 iu
1060 2919 1264 2984 contentione
1284 2929 1399 2983 exorta

290 3024 454 3090 cuiusdam
485 3023 609 3088 comitis
637 3023 719 3086 filius
739 3025 774 3087 in
797 3024 923 3091 civitate
943 3024 1189 3093 Eboracensium
1211 3028 1398 3114 aquodam

292 3133 421 3197 Frisoue
452 3132 670 3206 occideretur,
717 3132 804 3197 unde
836 3133 945 3199 civitas
975 3135 1091 3200 iniuria
1123 3146 1209 3202 motu
1240 3137 1398 3201 ultionem

289 3241 324 3304 in
360 3261 471 3305 omnes
490 3241 635 3305 Frisones
655 3242 718 3306 illic
740 3244 917 3323 convertit3
951 3243 1038 3308 unde
1057 3246 1152 3309 etiam
1183 3247 1400 3332 negotiatores

290 3370 328 3414 ex
358 3349 471 3413 llrisiae
503 3348 646 3434 partibus
677 3351 908 3435 negotiationes
939 3372 1009 3415 suas
1041 3353 1267 3432 intermittere,
1300 3375 1399 3440 seque

288 3459 372 3525 clam
404 3457 599 3524 substrahere
632 3458 842 3546 cogebantur.
886 3460 1039 3525 Alcuinus
1060 3471 1165 3526 autem
1186 3461 1229 3527 de
1250 3463 1400 3550 Ludgero

287 3570 454 3644 sollicitus,
485 3569 639 3634 adiuncto
659 3568 716 3634 sibi
738 3591 802 3634 uuo
824 3570 1037 3635 diaconorum
1058 3591 1208 3649 suorum,
1233 3591 1396 3636 unacum

288 3676 355 3740 aliis
375 3675 601 3742 mercatoribus
622 3677 705 3742 clam
726 3677 803 3742 inde
824 3678 1001 3744 Traiectum
1023 3700 1161 3746 remeare
1182 3679 1267 3748 lecit.
