2928 5148
300 436 364 506 178
727 435 946 502 WORPERI

298 610 332 671 in
375 625 481 692 poena
520 606 627 692 viginti
669 626 846 670 marcarum
878 615 1030 670 maneant
1063 602 1218 669 iudicibus
1250 604 1404 690 obligati.

299 717 478 792 Detentores
520 735 593 778 vero
633 712 816 779 eorumdem
858 716 1032 799 puniantur
1061 735 1167 798 poena
1201 713 1242 778 de
1273 713 1405 780 furibus

298 823 478 910 praemissa.
519 823 608 888 Idem
638 823 679 887 de
709 821 842 908 publicis
870 844 1013 908 agrorum
1035 823 1322 908 depopulatoribus
1343 823 1405 888 fir·

297 933 388 998 miter
408 932 596 998 observetur.

682 1039 819 1120 Quartus
840 1039 1006 1106 Articulus.

340 1150 373 1213 Si
416 1150 488 1236 quis
529 1147 629 1234 pretio
662 1148 709 1212 vel
741 1147 880 1232 pecunia
911 1161 1078 1234 corruptus
1110 1149 1276 1212 domiuum
1306 1170 1401 1213 suum

299 1256 469 1334 occiderit,
501 1277 554 1322 seu
585 1257 674 1320 alteri
703 1256 893 1341 cuicumque
913 1257 1127 1322 occidendum
1148 1258 1333 1334 tradiderit,
1367 1269 1399 1324 et

300 1369 341 1434 de
361 1365 423 1432 boc
444 1365 609 1431 convictus
629 1365 737 1440 fuerit,
761 1365 801 1429 de
822 1366 875 1428 tali
897 1366 1027 1430 crimine
1047 1367 1217 1450 puniatur,
1254 1368 1340 1433 sicut
1362 1368 1403 1432 de

300 1475 502 1543 incendiariis
534 1474 696 1539 nocturnis
726 1485 771 1538 est
800 1475 863 1537 iam
880 1477 1106 1560 praemissum.
1149 1476 1229 1540 Item
1251 1488 1400 1561 apostata

301 1607 320 1652 s
341 1605 398 1650 suo
418 1584 561 1670 praelato
580 1583 713 1669 legitime
734 1584 931 1663 admonitus,
953 1585 977 1650 si
999 1607 1031 1650 se
1050 1584 1219 1650 emendare
1239 1589 1400 1665 noluerit;

300 1694 497 1760 detentorem
529 1692 680 1756 eiusmodi
701 1693 735 1756 in
757 1694 864 1778 viginti
884 1697 999 1758 marcis
1018 1694 1163 1758 duximus
1182 1696 1397 1781 puniendum.

299 1803 339 1870 Et
368 1819 478 1866 omnes
499 1801 599 1864 nostri
619 1801 679 1864 fori
699 1801 904 1884 impedientes
924 1825 1147 1888 quoscumque
1166 1804 1316 1890 praelatos
1337 1826 1394 1868 re·

301 1912 445 1998 ligiosos,
474 1930 513 1972 ne
544 1927 615 1977 suos
645 1905 786 1972 subditos
815 1909 999 1976 excedentes
1019 1909 1116 1977 libere
1137 1915 1319 2000 corrigant,
1352 1916 1398 1980 ad

300 2041 440 2106 poenam
460 2018 569 2105 viginti
589 2039 768 2083 marcarum
790 2017 972 2106 obligamus.

686 2128 821 2210 Quintus
840 2129 1005 2194 Articulus.

345 2239 543 2323 Quicumque
574 2238 776 2321 captivaverit
808 2238 1021 2315 sacerdotem,
1057 2239 1159 2304 eidem
1192 2251 1344 2306 teneatur
1362 2245 1396 2308 in

302 2349 413 2413 decem
445 2348 557 2410 marcis
587 2365 646 2428 pro
678 2345 828 2422 emenda,
863 2357 895 2411 et
927 2369 946 2411 a
976 2347 1131 2413 iudicibus
1159 2350 1274 2415 eadem
1294 2373 1392 2437 poena
1463 2352 1464 2403 i

303 2455 501 2542 percellatur.
545 2452 745 2538 Quicumque
766 2474 840 2519 vero
862 2457 978 2522 laicum
1000 2459 1218 2542 captivaverit,
1258 2463 1343 2528 laeso
1360 2463 1395 2527 in
1463 2494 1464 2509 κ

302 2566 445 2650 quinque
466 2563 602 2639 marcis,
624 2574 655 2628 et
676 2564 831 2630 iudicibus
853 2566 983 2632 totidem
1005 2577 1158 2634 teneatur.
1463 2548 1464 2553 ἵ

700 2673 810 2739 Sextus
830 2675 995 2743 Articulus.

345 2783 544 2868 Quicumque
582 2783 674 2848 iurati
706 2804 759 2848 seu
802 2785 946 2850 consules
978 2786 1019 2850 ad
1051 2787 1212 2872 negotium
1242 2790 1331 2874 pacis
1363 2791 1403 2856 in

303 2890 538 2978 Opstallisbaem
568 2889 729 2974 deputati,
763 2891 804 2954 ad
835 2894 1100 2958 locum-eundem
1121 2906 1246 2973 euntes,
1280 2896 1402 2966 ibidem

304 3007 535 3067 commorantes
574 3018 614 3062 ac
643 2998 824 3077 redeuntes,
868 3001 925 3066 sub
956 3025 1062 3088 poena
1092 3005 1399 3092 quadringentarum

303 3128 481 3172 marcarum
512 3108 683 3194 tranquilla
714 3129 794 3194 pace
824 3111 999 3190 laetentur,
1035 3114 1136 3179 cuitu·
1154 3117 1312 3199 pecuniae
1333 3139 1399 3184 me·

303 3217 402 3282 dietas
432 3215 605 3294 iudicibus,
641 3219 701 3282 alia
733 3220 882 3286 medietas
921 3220 1085 3319 heredibus
1115 3224 1283 3292 tribuatur.
1325 3227 1399 3292 Aliis

253 3382 262 3399 ,
303 3346 377 3392 vero
409 3323 452 3390 ad
483 3324 588 3388 locum
620 3326 817 3410 praedictum
848 3332 1089 3416 properantibus
1122 3336 1281 3400 vinculum
1310 3337 1397 3421 pacis

304 3433 361 3502 sub
391 3455 498 3520 poena
532 3435 696 3522 octoginta
726 3457 904 3504 marcarum
938 3453 1157 3520 conservetur,
1191 3456 1224 3509 et
1244 3443 1398 3510 iudicibus

304 3546 495 3614 tantundem
516 3547 718 3631 persolvatur.

684 3657 839 3742 Septimus
858 3660 1024 3725 Articulus.
1086 3668 1087 3671 ’

345 3765 378 3827 Si
409 3765 479 3850 quis
510 3764 671 3829 hominem
704 3765 828 3830 alterius
859 3776 961 3835 terrae
994 3779 1048 3836 aut
1079 3771 1201 3837 insulae
1223 3770 1396 3848 occiderit,

303 3872 458 3940 iudicibus
487 3872 523 3936 in
553 3874 711 3962 sexaginta
751 3883 782 3940 et
813 3875 977 3943 heredibus
1008 3879 1043 3943 in
1077 3879 1213 3946 totidem
1245 3881 1285 3946 sit
1316 3879 1396 3946 obii·
1463 3872 1464 3877 ἵ

303 3995 402 4070 gatus.

688 4093 825 4162 Octavus
846 4097 1010 4164 Articuius.

345 4199 377 4262 Si
407 4204 476 4288 quis
502 4203 656 4271 iudicibus
676 4205 909 4274 communitatis
930 4206 1059 4274 alicuius
1079 4219 1178 4276 terrae
1200 4176 1399 4290 rebelinex-
1463 4194 1464 4239 ³
