2916 5150
476 439 725 507 CHRONIGON.
1102 443 1145 506 95

1 522 2 562 ι

1 596 2 646 fi
47 616 172 674 sanetae
204 625 281 670 sune
313 607 462 674 eeclesiae
491 609 573 674 Deus
602 609 778 694 praefecit,
810 619 844 674 ut
876 609 998 674 bouum
1028 607 1153 673 eunetis

48 717 187 782 existeres
208 717 407 801 exemptum,
432 717 616 803 aggredior,
650 727 686 780 ut
719 717 853 802 demptis
871 718 905 782 in
928 718 1033 802 eapite
1052 717 1151 792 vitiis,

1 831 2 906 3
50 845 87 889 re
116 822 334 888 fundamento
365 825 497 890 firmiter
517 823 699 899 collocato,
731 845 788 909 per
810 846 927 910 eorpus
947 826 991 890 ad
1013 824 1153 890 crudem

1 909 2 952 ³
50 952 105 1017 pro
132 951 229 1016 posse
260 951 333 996 meo
368 933 422 996 Dei
442 933 559 998 auxilio
578 933 761 1017 pervenire,
797 944 832 998 ut
852 953 978 998 murum
998 933 1034 998 in
1056 932 1155 998 eitum

1 1089 2 1124 r
51 1041 163 1126 erigere
209 1040 342 1105 valeam.
395 1039 499 1104 Habes
540 1040 627 1104 enim
667 1041 702 1104 iu
735 1043 890 1127 coniugio
923 1041 979 1106 tibi
1009 1042 1154 1106 iunctum

52 1147 152 1212 iudith
186 1157 319 1231 neptem
352 1157 463 1221 tuem,
495 1145 686 1231 welphonis
708 1147 903 1214 Bevororum
924 1149 1014 1214 dueis
1033 1149 1152 1223 fitium,

52 1274 145 1340 quem
177 1255 241 1318 nisi
273 1256 450 1327 demiseris,
475 1264 507 1318 et
527 1275 588 1338 pro
610 1255 781 1319 commissis
800 1255 931 1340 dignam
956 1258 1021 1320 Deo
1041 1257 1155 1340 poeni·

1 1389 2 1434 t
53 1363 185 1428 tentiam
217 1364 332 1447 egeris.
367 1362 539 1426 maximum
570 1362 615 1426 tui
649 1370 735 1450 regni
764 1363 905 1427 futurum
928 1363 984 1428 tibi
1003 1362 1155 1447 praedico

1 1537 2 1540 ,
52 1471 228 1546 excidium,
261 1481 292 1534 et
323 1469 413 1534 hune
443 1489 621 1534 sermonem
654 1471 853 1536 Dominioum
885 1472 920 1536 in
953 1483 984 1536 te
1004 1471 1157 1537 vuauter

54 1576 301 1663 eomplendums
357 1577 468 1664 Surget
510 1596 587 1662 gens
627 1589 742 1642 contre
783 1588 909 1664 gentem
950 1588 982 1644 et
1022 1598 1157 1664 regnum

55 1693 164 1750 eontra
200 1706 351 1771 regnum,
385 1683 490 1749 tredet
519 1685 616 1750 freter
644 1685 773 1750 fratrem
803 1688 840 1750 in
861 1697 995 1751 mortem
1016 1695 1048 1750 et
1067 1695 1157 1770 peter

55 1793 166 1867 fliium,
205 1803 237 1856 et
267 1794 432 1878 insurgent
461 1792 517 1857 filii
547 1793 583 1856 in
610 1804 777 1877 parentes,
811 1805 842 1859 et
874 1805 977 1860 morte
1012 1814 1067 1858 eos
1087 1792 1159 1856 effi·

1 1895 2 1964 ἶ
56 1900 146 1966 cient.
193 1900 281 1966 Haec
311 1900 336 1963 si
369 1900 430 1965 tuis
460 1919 528 1964 uon
548 1900 666 1965 fuerint
697 1903 824 1986 impieta
854 1902 1069 1990 temporibus.
1100 1921 1161 1988 pro

56 2018 138 2074 eerto
166 2007 291 2092 poteris
322 2007 388 2072 Deo
418 2006 558 2090 propitio
588 2007 656 2070 sine
688 2008 820 2074 erimine
851 2011 909 2074 iste
940 2011 1000 2074 frui
1028 2010 1161 2076 semiue.

56 2117 222 2184 Caeterum
253 2115 412 2199 complete
439 2134 523 2200 quse
552 2115 693 2198 praedixi
722 2116 747 2179 si
778 2116 956 2194 extiterint,
989 2119 1070 2183 seito
1091 2128 1162 2181 tues

57 2227 182 2311 nuptias
216 2225 252 2288 in
285 2232 458 2308 conspeetu
492 2222 544 2286 Dei
565 2232 670 2308 grates
691 2244 762 2287 non
783 2223 883 2289 tuisse.
936 2224 1096 2310 Scriptum
1116 2231 1162 2287 est

57 2337 158 2400 enim:
217 2330 329 2396 Omnis
369 2330 467 2394 homo
506 2329 548 2394 ud
586 2331 763 2414 proximam
803 2332 965 2417 sauguinis
1005 2332 1053 2396 sui
1094 2347 1162 2395 nou

59 2441 212 2514 seeedet,
254 2447 290 2502 ut
333 2437 483 2504 reveletur
515 2437 680 2523 turpitudo
710 2439 786 2505 eius.
840 2441 880 2504 Et
922 2441 1038 2508 Paulus
1070 2459 1164 2526 epos·

60 2551 154 2614 totus:
203 2546 427 2612 Fornicatores
458 2555 491 2610 et
524 2546 683 2611 adulteros
703 2546 856 2621 iudicabit
878 2548 968 2616 Deus.
1011 2548 1077 2614 Tibi
1099 2557 1165 2614 ete·

59 2657 143 2735 nim,
177 2655 315 2720 Domine
343 2675 416 2729 rex.
449 2655 475 2718 si
504 2655 585 2717 toret
607 2653 726 2718 coniux
745 2655 840 2719 etiem
860 2675 931 2720 nou
952 2666 1009 2721 tuo
1030 2677 1069 2721 ex
1089 2675 1165 2719 sen·

59 2767 168 2847 auiae,
196 2763 327 2829 deberes
348 2761 550 2828 nihilominus
571 2760 754 2838 attendere,
789 2761 879 2847 quod
900 2762 984 2828 idem
1004 2762 1166 2848 apostolus

60 2873 208 2938 divinitus
239 2871 336 2936 docet
367 2870 492 2936 diuense
539 2868 602 2949 Qui
633 2868 754 2933 hebent
783 2889 897 2935 uxores
916 2871 980 2936 sint
1001 2879 1165 2954 umquam

61 3000 132 3045 uon
163 2979 330 3046 hebentes.
372 2979 410 3044 Et
451 2977 562 3042 beatus
598 2978 765 3063 Gregorius
794 2977 830 3044 iu
864 2978 1040 3044 senonibus
1069 2976 1165 3043 dioit:

62 3089 93 3154 si
123 3091 195 3176 quis
227 3087 352 3153 duxerit
374 3096 502 3172 neptem
523 3087 557 3150 in
579 3089 765 3172 coniugem,
790 3086 960 3152 anathemo
983 3089 1032 3154 sit.
1065 3088 1167 3172 Prop-

2 3253 3 3258 ,
63 3208 148 3264 terea
177 3199 204 3264 si
237 3207 430 3263 tormentum
460 3196 504 3260 vis
532 3194 667 3260 eredere
685 3205 892 3281 perpetuum,
915 3208 947 3264 et
968 3196 1011 3263 ed
1031 3217 1167 3284 regnum

61 3307 227 3392 peruenire
261 3306 444 3380 coetorum.
477 3325 551 3370 vere
572 3303 686 3368 duetus
705 3305 905 3388 poenitentia
925 3316 1093 3393 spretoque
1113 3305 1170 3371 nti

64 3417 235 3502 coniugio,
270 3425 455 3481 convertere
484 3415 525 3478 ad
546 3413 731 3488 Dominum,
766 3422 801 3475 ut
832 3413 890 3478 tibi
921 3424 1011 3478 tuum
1031 3415 1169 3479 dimittet

2 3517 3 3592 Ῐ
63 3528 286 3590 eommissumz
320 3522 475 3609 quoniam
507 3539 594 3586 vens
615 3517 704 3583 huius
724 3519 839 3584 mundi
859 3529 905 3584 est
924 3522 1025 3606 gioria
1045 3531 1077 3587 et
1099 3541 1170 3586 om·

2 3619 5 3678 ³*
63 3634 114 3696 nis
144 3655 221 3698 earo
252 3633 395 3696 foenum.
438 3628 523 3692 lisec
557 3627 634 3690 dum
654 3635 779 3692 sanctus
799 3628 923 3711 praesul
944 3628 986 3693 ed
1008 3630 1169 3697 destruen-

3 3721 4 3816 ᾗ
43 3723 143 3804 'dum
171 3752 241 3806 tem
271 3739 407 3804 invisum
439 3735 623 3820 coniugium
644 3735 685 3798 de
705 3735 800 3800 saeris
821 3736 914 3800 literis
933 3740 1087 3822 proterret
1107 3750 1168 3805 tes·

63 3848 221 3926 timonio,
256 3845 335 3912 vidit
356 3864 461 3929 regem
482 3863 520 3907 eu
541 3843 664 3917 minus,
687 3863 787 3928 φιιιιι
807 3843 933 3922 debuit,
969 3847 1170 3911 animadver-

3 3985 4 4008 ι
63 3966 141 4040 tere3
174 3977 279 4043 quare
308 3955 423 4018 iterum
444 3951 487 4016 od
507 3968 613 4035 regem
634 3949 692 4014 uit:
736 3949 974 4037 Oimperetor‚
998 3953 1170 4018 seeundum

3 4013 5 4152 ξ
62 4066 267 4152 apostolum,
289 4060 463 4127 Dominum
484 4059 582 4123 Deum
603 4055 754 4120 debemus
776 4059 903 4135 timere,
927 4060 1055 4146 eiusque
1075 4082 1170 4128 man·

4 4225 6 4252 ,
62 4173 141 4241 date
182 4171 364 4245 custodire,
410 4176 441 4230 te
474 4175 579 4233 autem
607 4162 764 4229 honorare
796 4174 827 4229 et
858 4165 893 4230 iu
925 4165 1019 4236 bonis
1050 4172 1173 4240 actibus

4 4267 6 4330 t

4 4511 6 4534 t

4 4539 6 4568 t
