2916 5150
250 452 310 518 ton
688 451 911 520 WORPERI

245 628 472 702 postmortem
492 621 611 694 carnis,
645 619 732 684 hanc
751 621 888 706 patriam
909 620 1084 698 revisitare,
1115 618 1267 706 vobisque
1287 641 1350 705 pa·

246 749 316 794 cem
335 729 535 813 impetratam
555 728 765 812 suppeditare.
808 730 915 794 Donec
935 729 1021 794 enirn
1041 727 1205 814 superbia,
1238 729 1350 814 periu-

243 836 310 912 rio,
346 809 536 912 bomicidio,
571 836 726 902 adulterio
759 837 916 924 totiusque
947 838 1070 924 generis
1088 846 1225 922 peccato
1244 837 1348 900 Deum

245 943 429 1021 offendetis,
462 964 633 1010 concessae
663 946 751 1028 pacis
773 947 894 1011 donum
917 947 1034 1012 auferet
1056 968 1095 1011 ex
1116 944 1214 1010 vobis.
1255 945 1346 1010 llaec

243 1051 303 1118 ille.
356 1052 484 1117 Interim
527 1053 603 1115 dum
635 1063 767 1117 sanctus
797 1052 962 1138 Odulphus
994 1053 1136 1118 Stauriae
1167 1051 1342 1128 habitaret,

241 1163 378 1226 solemne
407 1159 524 1224 ibidem
557 1161 732 1226 construxit
761 1163 986 1226 monasterium
1017 1161 1135 1226 ordinis
1167 1159 1343 1226 canonico·
1414 1203 1419 1208 -

242 1284 313 1332 rum
343 1262 591 1333 coenobitalinm
623 1287 677 1332 seu
696 1264 897 1354 regularium.
940 1265 1034 1335 Cuius
1055 1265 1204 1333 ecclesiae
1224 1267 1341 1332 funda·

240 1387 350 1442 menta
382 1377 416 1441 in
450 1386 529 1441 terra
560 1377 660 1440 solida
689 1374 861 1441 firmissime
881 1387 972 1442 erant
1000 1376 1124 1462 posita;
1157 1396 1235 1440 nam
1267 1395 1344 1440 saxa

240 1485 372 1572 grandia
404 1481 511 1548 subtus
541 1485 663 1568 posita,
695 1486 835 1568 superius
866 1485 935 1548 latis
954 1484 1112 1569 lapidibus
1132 1493 1237 1559 tecta,
1271 1482 1344 1546 tuso

239 1592 371 1680 plumbo
401 1604 490 1658 erant
520 1593 755 1678 conglutinata,
788 1595 834 1657 uti
853 1615 891 1657 ex
913 1593 1066 1657 relatione
1087 1591 1242 1656 seniorum
1264 1610 1343 1654 nos·

240 1713 310 1766 trae
338 1699 447 1766 aetatis
478 1699 548 1784 (qni
578 1701 687 1764 ruinas
716 1710 747 1764 et
767 1700 978 1764 fundamenta
999 1698 1183 1764 monasterii
1203 1679 1342 1762 eiusdem

239 1831 272 1876 se
301 1827 372 1873 non
394 1827 477 1871 raro
506 1806 617 1871 vidisse
647 1809 750 1872 testati
782 1808 866 1890 sunt)
890 1808 1075 1874 audivimus.
1117 1806 1181 1872 Sed
1199 1815 1229 1872 et
1249 1825 1340 1871 anno

238 1917 367 1984 Domini
395 1917 541 2006 xisfsxr,
577 1916 792 1980 coemiterium
822 1917 959 1981 eiusdem
993 1917 1173 1982 monasterii
1193 1935 1266 1982 cum
1286 1937 1340 1980 sa·

239 2027 319 2092 cello
340 2026 371 2088 in
393 2024 505 2089 eodem
527 2031 711 2089 constructo
732 2024 886 2109 integrum
907 2026 1006 2101 stetit,
1030 2036 1126 2110 atque
1147 2025 1225 2111 lapis
1245 2042 1340 2110 prae·

239 2135 390 2220 scriptus,
426 2135 467 2197 de
487 2151 555 2218 quo
575 2141 703 2197 sanctus
723 2129 887 2218 Odulplrus
906 2131 1166 2218 prophetaverat,
1189 2131 1341 2198 omnibus

239 2240 477 2310 adventantibus
517 2244 552 2302 in
585 2239 699 2303 eodem
732 2241 914 2305 coemiterio
945 2242 1193 2308 monstrabatur.
1244 2241 1340 2305 Nunc

237 2371 313 2417 vero
346 2359 448 2414 totum
480 2346 695 2411 coemiterium
716 2367 789 2410 cum
810 2348 926 2412 sacello
946 2369 984 2414 ex
1003 2349 1161 2434 frequenti
1183 2371 1339 2436 aqrrarum

164 2503 172 2508 -
237 2460 401 2524 collisione
430 2455 555 2540 penitus
587 2464 812 2538 consumptum
842 2456 992 2524 videmus.
1037 2459 1074 2523 Et
1103 2462 1147 2524 sic
1177 2460 1339 2526 verificata

237 2576 282 2632 est
302 2585 377 2650 pars
394 2561 580 2648 prophetiae
601 2563 656 2626 viri
676 2563 795 2636 sancti,
818 2585 896 2629 nam
917 2567 1054 2651 lapidem
1075 2567 1160 2631 illum
1181 2587 1340 2653 aquarum

237 2671 332 2738 undis
364 2673 427 2738 iam
458 2682 576 2736 tectum
597 2672 761 2736 cernimus.
805 2671 946 2754 Quando
967 2694 1042 2740 vero
1062 2676 1174 2740 iterum
1193 2677 1228 2740 in
1249 2677 1341 2741 sicco

239 2782 404 2868 apparebit
435 2779 654 2854 intuentibus,
686 2780 769 2843 solus
800 2780 850 2845 ille
872 2783 982 2862 novit,
1018 2784 1107 2848 cuins
1127 2784 1234 2868 spiritu
1253 2785 1337 2849 lraec

236 2889 423 2978 praedixisse
442 2897 590 2953 sanctum
611 2887 711 2952 virum
730 2889 782 2971 pie
803 2889 969 2956 credimus.
1013 2891 1094 2956 Nam
1116 2902 1192 2957 tunc
1213 2902 1339 2978 tempo·

236 3001 299 3075 ris,
332 3013 404 3062 cnm
438 2995 501 3060 hoc
532 2994 579 3060 vir
612 2995 667 3058 ltei
696 2995 835 3059 iutumm
857 2997 1031 3082 praedixit,
1069 3020 1138 3064 non
1160 3001 1264 3064 minus
1284 3001 1340 3066 in-

238 3104 386 3172 credibile
415 3103 448 3168 id
470 3102 538 3168 lieri
558 3123 649 3189 posse
669 3103 851 3180 videbatur,
886 3107 976 3192 quod
998 3107 1141 3172 videlicet
1162 3110 1263 3175 omnis
1284 3109 1339 3174 illa

238 3225 331 3287 terra,
353 3233 437 3299 qnae
458 3213 554 3296 longe
576 3211 703 3297 lateque
722 3211 806 3276 inter
825 3213 951 3278 Flevum
972 3213 1102 3279 fluvium
1123 3225 1153 3280 et
1175 3217 1341 3302 saepedic-

236 3332 305 3386 tum
326 3321 540 3386 coemiterium
561 3318 761 3394 cernebatur,
774 3320 805 3384 vi
827 3341 983 3405 aquarum
1004 3322 1226 3403 absumeretur,
1239 3347 1337 3412 quam

237 3431 262 3495 si
290 3424 368 3493 illud
399 3428 611 3494 coemiterium
633 3447 707 3492 cum
727 3426 833 3513 lapide
854 3430 945 3514 aquis
965 3429 1173 3498 defluentibus
1192 3433 1340 3499 humanis

236 3539 342 3604 denno
370 3535 531 3603 obtutibus
560 3543 724 3619 appareat.
766 3536 863 3599 Auno
883 3535 1007 3600 Domini
1028 3538 1163 3622 xirpxir,
1197 3550 1339 3625 tempore

237 3648 341 3732 Algeri
387 3643 508 3710 abbatis
546 3643 690 3706 Stauriae
730 3642 928 3727 praedictum
972 3648 1195 3712 monasterium
1237 3649 1341 3714 sancti

237 3753 375 3837 Odulphi
397 3773 435 3817 ex
457 3753 593 3836 antiquo
614 3751 704 3825 loco,
717 3749 781 3812 iem
802 3767 905 3834 paene
924 3754 955 3818 vi
976 3773 1131 3837 aquarum
1148 3756 1340 3843 absumpto,

238 3863 421 3929 translatum
441 3871 486 3926 est
507 3857 550 3926 ad
571 3856 805 3923 meridionalem
825 3868 948 3943 partem
970 3863 1101 3930 civitatis
1122 3865 1275 3932 Stauriae.

612 4034 697 4080 blBltl
718 4031 846 4079 secusne
868 4037 956 4083 stttts.

751 4195 831 4230 m
