2916 5150
509 465 756 564 canonicor.
1112 505 1172 574 rso

82 670 177 734 multa
209 670 367 758 colloquia
399 670 476 736 bino
505 677 536 732 et
566 667 642 732 inde
663 665 790 746 babitu,
825 690 862 734 ea
883 671 1066 738 conditione
1085 675 1175 759 pseis

82 778 207 844 foedera
228 790 298 844 sunt
319 781 403 844 sacta
425 789 457 844 et
479 787 628 864 accepta,
651 787 806 864 quatenus
825 778 964 844 Frisones
984 782 1065 848 intra
1085 783 1174 850 bien·

82 892 163 952 nium
193 910 282 953 more
311 890 498 955 vasallorum
528 887 615 953 bona
637 909 692 952 suu
713 887 849 953 feudalia
871 889 911 952 de
932 910 1030 955 manu
1052 894 1175 956 comitis

84 999 281 1084 acciperent3
315 997 490 1062 iustitiarios
510 1017 583 1061 suos
602 997 670 1062 sine
691 997 950 1063 contradictione
971 999 1172 1067 admitterent

81 1116 137 1172 eto.
180 1108 218 1170 Et
250 1113 295 1172 sic
325 1108 418 1172 Frisia
449 1107 492 1172 ad
523 1117 644 1191 tempus
664 1127 777 1190 paoem
798 1105 951 1186 habebat,
984 1129 1046 1174 neo
1068 1131 1174 1177 eomes

82 1226 180 1280 tamen
210 1217 300 1302 quod
330 1217 426 1281 voluit
459 1215 607 1282 obtinuit.
652 1213 863 1282 Obiit'autem
885 1239 991 1284 eomes
1011 1221 1067 1286 iste
1088 1243 1173 1288 anno

80 1324 202 1388 Domini
231 1325 434 1390 muceranii.

116 1440 214 1497 Anno
247 1434 373 1497 Domini
405 1433 608 1507 moooxxxri.
645 1435 680 1498 in
712 1434 813 1519 vigilia
847 1434 980 1500 Simonis
1011 1447 1042 1501 et
1072 1437 1172 1503 Iudae

78 1541 130 1606 luit
160 1563 315 1628 magnum
337 1544 369 1606 in
389 1543 483 1606 Frisia
506 1542 677 1620 diluvium,
711 1540 855 1608 homines
886 1544 1020 1620 multos.
1053 1567 1171 1632 peoora

79 1671 146 1716 vero
166 1651 371 1736 submergens
388 1650 646 1716 innumerabilia.
680 1653 799 1716 Eodem
821 1673 908 1719 auno
930 1654 1057 1719 suerunt
1077 1675 1172 1740 proe-

78 1759 113 1825 lia
133 1761 234 1827 multa
255 1761 337 1824 inter
357 1761 499 1826 Frisoues
519 1773 549 1826 et
571 1762 811 1846 Groningenses.

114 1871 210 1935 Anno
236 1869 361 1932 Domini
383 1869 578 1934 mcccxxxvii
596 1871 878 1955 primoluudatum
890 1874 1171 1938 estmonasterium

77 1977 186 2044 ordinis
206 1977 447 2044 carmelitarum
469 1977 581 2042 beatae
603 1980 718 2042 Mariae
739 1981 866 2066 virginis
885 1984 919 2045 in
944 1983 1168 2048 Woldesende.

110 2088 176 2154 lloc
215 2097 355 2173 tempore
384 2088 570 2152 monasteria
593 2088 736 2152 videlieet
756 2089 864 2154 Clarus
884 2090 1042 2177 Campus,
1073 2094 1189 2157 Flori·.

74 2195 126 2260 dus
155 2191 317 2282 Campus,
350 2196 493 2282 Ludinge
522 2197 648 2262 Kereke
675 2206 706 2260 et
737 2198 858 2261 Lidlnm
889 2198 1003 2262 multos
1033 2197 1170 2264 habuere

75 2325 261 2383 conversos,
296 2307 352 2391 qui
382 2308 417 2368 in
449 2306 551 2390 pretio
581 2305 666 2390 apud
689 2306 841 2371 seculares
862 2305 983 2371 nobiles
1003 2309 1118 2393 pariter
1139 2321 1170 2374 et

74 2414 224 2500 ignobiles
256 2414 410 2480 haetenus
430 2424 560 2500 propter
580 2414 755 2499 religiosam
777 2414 906 2478 fuerunt
927 2415 1033 2482 vitam.
1075 2417 1169 2482 Nunc

78 2545 145 2611 ergo
172 2526 222 2590 isli
246 2525 388 2590 conversi
410 2532 585 2608 coeperunt
606 2523 709 2588 secere
729 2533 859 2607 pactum
881 2545 954 2590 eum
976 2527 1166 2612 capitaneis,

78 2643 108 2697 ut
136 2634 191 2699 sibi
226 2643 338 2696 mutuo
369 2630 503 2715 propriis
524 2631 666 2714 expensis
687 2651 761 2694 curn
783 2640 870 2694 certo
892 2644 1085 2698 armatorum
1106 2656 1170 2699 nu·
1284 2705 1289 2716 ,

77 2761 156 2806 mero
176 2751 293 2808 eontra
315 2738 507 2803 adversarios
526 2757 587 2823 pro
609 2737 702 2803 bonis
722 2737 931 2804 defendendis
953 2740 1166 2810 subvenirent.

76 2846 110 2913 lit
137 2850 273 2937 quando
304 2847 462 2933 capitanei
484 2849 577 2910 unius
597 2846 694 2932 partis
714 2846 825 2912 foedus
845 2847 984 2912 inierunt
1004 2869 1076 2912 curn
1098 2871 1169 2914 mo-

76 2962 207 3025 nasteriis
228 2959 321 3023 nnius
341 2957 479 3032 ordinis,
502 2965 581 3021 tuno
603 2956 653 3020 elii
675 2957 833 3042 capitanei
854 2956 977 3022 alterius
997 2958 1093 3042 partis
1114 2980 1168 3024 seu

75 3065 215 3135 laetionis
245 3069 383 3134 ridentes
415 3087 448 3131 se
476 3065 637 3130 inferiores
658 3065 700 3130 ob
721 3066 899 3150 potentiam
920 3087 1164 3146 conversorum,

75 3177 181 3262 turibus
213 3177 380 3245 adversarii
410 3176 457 3240 sui
487 3174 704 3239 confoederati
735 3183 845 3249 erant,
890 3190 1106 3260 percusserunt
1136 3190 1168 3246 et

74 3286 125 3370 ipsi
156 3289 268 3356 foedus
297 3307 371 3351 oum
405 3283 563 3350 conversis
595 3282 855 3347 monasteriorum
876 3285 1001 3349 alterius
1022 3287 1161 3366 ordinis,

73 3405 106 3459 ut
132 3398 175 3465 sie
206 3406 350 3484 potentes
380 3402 480 3459 essent
509 3412 619 3456 eorum
649 3391 806 3475 praesidio
828 3395 965 3457 resistere
986 3395 1168 3463 adversariis

73 3503 137 3570 suis.
179 3509 219 3592 Et
250 3527 323 3571 oum
352 3502 474 3587 singula
504 3501 694 3564 monasteria
727 3499 783 3562 sibi
817 3501 1047 3566 confoederatis
1077 3508 1168 3591 oapi.

73 3618 168 3680 taneis
196 3615 331 3680 fideliter
352 3611 489 3676 assistere
508 3609 570 3673 sire
590 3609 702 3671 iustam
724 3609 787 3672 sive
808 3609 956 3672 iniustam
978 3610 1166 3679 habentibus

72 3740 194 3790 oausam
216 3726 348 3797 vellent,
385 3728 472 3784 ortae
492 3727 566 3784 sunt
586 3716 746 3792 invidiae,
779 3718 1003 3784 aemulationes
1022 3731 1053 3784 et
1073 3722 1166 3790 faeti.

71 3849 142 3896 ones
172 3855 317 3900 successu
350 3829 497 3916 temporis
527 3829 610 3892 inter
642 3829 710 3912 ipsa
739 3831 926 3893 monasteria
949 3841 983 3893 ut
1003 3832 1084 3897 inira
1104 3836 1165 3898 suis

71 3935 143 4004 loeis
171 3943 320 4010 dicemus.
361 3942 399 4004 Et
431 3937 508 4002 baec
541 3937 752 4002 consideratio
787 3939 888 4023 prima
919 3951 949 4003 et
982 3943 1164 4028 principalis

71 4046 188 4115 ridetur
207 4053 298 4117 luisse
319 4071 414 4117 causa
436 4045 652 4114 destructionis
673 4047 853 4131 disciplinae
876 4049 1020 4133 regularis
1041 4051 1071 4113 in
1091 4053 1164 4137 ipsis

7 4187 9 4208 ›
71 4161 271 4227 monasteriis.
