2916 5150
475 457 724 526 cttttotttcott.
1087 401 1149 521 llll

97 687 288 757 exemptor
311 687 517 749 literarum
543 687 699 746 Albertt
724 686 984 744 Romanorum
1009 685 1115 755 rests

233 779 396 838 candem
420 782 728 838 commissionem
751 780 877 850 patrts
902 779 963 834 snt

434 873 757 931 confirmantium.

462 1074 552 1140 GAP.
574 1075 730 1142 mvn.

99 1287 228 1353 ilbertus
274 1291 328 1355 llei
366 1291 465 1376 gratia
499 1291 724 1356 Romanorum
765 1311 819 1354 rex
851 1309 973 1372 semper
1005 1300 1153 1372 augustus

70 1395 193 1460 universis
223 1407 253 1462 et
285 1399 411 1484 singulis
440 1400 519 1463 sacri
553 1399 696 1464 Romani
727 1397 847 1482 imperii
880 1397 1024 1461 fidelibus
1060 1416 1154 1481 prae·

70 1513 149 1567 sentes
179 1506 281 1568 literas
315 1509 502 1590 inspecturis
523 1509 657 1592 gratiam
679 1518 824 1571 nostram
847 1516 878 1569 et
901 1505 1151 1570 omnebonum.

70 1610 107 1672 td
134 1613 336 1678 universitatis
367 1625 486 1678 vestrae
519 1614 665 1678 notitiam
698 1615 842 1699 cupimus
873 1615 1038 1699 pervenire
1059 1624 1154 1678 teno-

71 1737 121 1780 rem
145 1723 377 1803 praesentium,
412 1721 500 1807 quod
533 1744 592 1787 nos
623 1723 726 1787 literas
760 1724 899 1809 inclytae
920 1723 1155 1789 recordationis

71 1829 212 1910 quondam
253 1828 418 1914 Rodclphi
449 1830 672 1895 Romanorum
705 1832 783 1916 regis
814 1831 960 1904 illustris,
1004 1831 1155 1917 genitoris

71 1938 147 1999 nostri
176 1939 367 2015 charissimi,
410 1938 573 2022 spectabili
606 1940 673 2003 viro
705 1939 864 2004 Reinoldo
896 1940 1004 2005 comiti
1033 1939 1155 2006 Gelriae

72 2045 178 2110 traditas
209 2048 345 2112 vidimus
375 2047 407 2109 in
427 2045 508 2110 baec
528 2045 634 2110 rerba.
677 2045 866 2128 Rodolpbus
888 2047 942 2111 Dei
963 2049 1062 2130 gratia
1085 2049 1155 2113 Ro·

73 2169 215 2218 manorum
260 2175 316 2217 rex
347 2174 469 2236 semper
511 2162 660 2237 augustus
692 2153 855 2244 universis
872 2163 903 2216 et
934 2154 1064 2239 singulis
1093 2163 1154 2220 etc.

74 2257 123 2323 llos
147 2285 216 2329 vero
249 2263 449 2348 praedictam
482 2263 735 2326 commissionem
765 2271 867 2325 ratam
902 2271 932 2325 et
953 2271 1076 2346 gratam
1098 2261 1156 2326 he·

73 2364 177 2447 tentes,
211 2383 310 2458 prout
350 2371 388 2434 de
418 2369 515 2435 verbo
547 2370 741 2436 adverbum
763 2370 1155 2456 superiusestexpressa,

51 2498 54 2500 ·
74 2473 107 2538 de
121 2477 307 2566 benignitate
327 2479 673 2561 regia'confirmamus.
705 2481 742 2542 ln
764 2481 855 2543 cuius
875 2481 922 2544 rei
943 2481 1156 2545 testimonium

73 2599 194 2664 paenas
213 2588 368 2672 scriptum
390 2597 446 2651 est.
483 2587 597 2650 Datum
619 2587 705 2670 apud
726 2586 926 2670 Rapordiam
947 2590 1079 2671 septimo
1100 2610 1156 2654 ca·

74 2688 162 2760 lendes
180 2698 275 2772 llaii¹
300 2695 474 2759 indictione
495 2694 545 2770 xii,
564 2714 662 2758 anno
684 2693 812 2758 Domini
832 2695 1018 2759 mccxcviiii.
1051 2695 1157 2779 Regni

75 2817 132 2868 vcro
149 2807 248 2870 nostri
271 2823 365 2868 anno
387 2803 502 2887 primo.

104 3018 166 3086 llon
185 3025 293 3090 statim
314 3033 385 3107 post
407 3022 490 3086 benc
513 3022 745 3086 concessionem
767 3033 798 3084 et
820 3021 1027 3085 donationem
1050 3040 1157 3084 comes

72 3120 115 3190 iste
132 3130 250 3198 Gelriae
271 3130 469 3215 impugnavit
481 3128 644 3202 Frisones‚
669 3126 724 3190 sed
747 3127 801 3190 diu
823 3128 1013 3211 exspectarit
1035 3138 1157 3215 tempus

72 3231 116 3297 tibi
135 3240 336 3306 commodum
360 3238 401 3302 ad
423 3235 624 3301 invadendos
644 3236 794 3301 Frisones.
825 3237 912 3318 Quos
935 3238 1025 3322 (quia
1047 3248 1157 3323 sponte

72 3338 142 3410 illum
171 3349 326 3432 suscipere
358 3345 525 3428 nolebant)
560 3365 628 3409 non
648 3346 713 3409 sinc
735 3345 819 3430 gravi
841 3345 924 3410 bello
945 3358 976 3410 et
997 3347 1159 3431 sanguinis

73 3443 183 3520 humani
215 3456 371 3522 effusione
391 3454 508 3518 invitos
529 3452 584 3516 sibi
606 3453 756 3516 subiicere
777 3474 868 3537 posse
890 3455 1052 3518 cernebat.
1097 3456 1156 3518 ln·

72 3559 145 3624 ten'm
173 3586 261 3630 anno
295 3563 422 3627 Domini
455 3561 607 3626 mcccxvii
641 3560 821 3625 Fredericus
851 3561 892 3624 de
925 3563 1006 3626 Diest
1039 3563 1158 3628 factus·

72 3674 107 3728 est
137 3671 195 3736 xliii
227 3673 393 3757 episcopus
420 3670 642 3746 Traiectensis‚
684 3673 740 3755 qui
771 3670 988 3754 episcopatum
1019 3674 1159 3758 gravavit
1250 3750 1253 3756 ¹

21 3779 23 3860 J
71 3767 176 3848 debitis.
202 3781 297 3849 Vnde
319 3789 453 3864 accepta
474 3800 593 3864 magna
616 3801 738 3844 summa
759 3782 978 3866 pecuniarum,
1001 3782 1160 3866 impigno-

21 3867 23 3878 ¹
71 3883 136 3947 nrir
164 3889 325 3954 Reinoldo
357 3889 466 3953 comiti
495 3889 616 3952 Getriae
648 3891 843 3974 praescripto
877 3903 1012 3956 castrum
1033 3891 1159 3954 Follen·

71 3981 139 4078 hoeg
167 4019 238 4064 cum
270 4000 358 4063 omni
393 4009 475 4062 terra
510 3997 741 4062 Transisalana.
791 3998 881 4064 Tunc
915 4021 1020 4065 comes
1041 4000 1160 4065 Gelriae

72 4114 253 4181 oportunum
283 4119 369 4172 ratus
399 4117 522 4188 tempus
542 4117 573 4170 et
595 4106 675 4171 riam
696 4106 886 4192 subiugandi
908 4107 1069 4185 Frisones5
1103 4131 1161 4176 co·

21 4221 24 4324 p
72 4218 135 4275 acto
165 4237 284 4304 magno
317 4226 512 4284 armatorum
545 4235 679 4282 numero
711 4235 749 4279 ex
770 4215 873 4282 Gelria
894 4229 924 4284 et
946 4216 1063 4288 diocesi
1083 4221 1160 4286 Tra·
