2950 5144
497 474 745 542 cutontcott.
1133 481 1173 548 17

61 647 140 702 rent
171 636 452 706 resonaremus
472 642 504 706 in
524 643 631 717 locos,
663 652 717 706 aut
738 661 852 711 noram
875 642 980 708 eedem
1002 664 1020 708 a
1042 644 1173 714 muare

62 747 287 831 impetrarent,
308 748 445 832 perpulit
458 749 614 816 Verritum
635 760 666 816 et
686 749 866 834 Malorigem
878 769 988 835 pecces
1005 753 1172 840 suecipme

62 853 272 940 Proiectique
302 855 442 922 Romam
455 857 512 944 (ιι).
556 859 640 922 Nero
671 857 755 922 iussit
776 857 888 922 Frisios
907 859 989 944 agris
1009 859 1171 928 decedere.

60 960 127 1031 ¹Sed
155 963 215 1026 iiiie
237 963 480 1048 aspernantibus
499 985 596 1052 eques
617 965 773 1030 auxiliaris
793 976 921 1051 repente
940 966 1092 1032 inurinare
1112 987 1171 1032 ne·

63 1071 244 1137 cessitatem
285 1073 408 1151 attulit,
446 1075 548 1158 captis
579 1075 713 1140 medeae
742 1076 799 1160 qui
829 1076 1023 1160 pervicacius
1053 1076 1172 1142 restite-

6 1183 8 1188 “
59 1190 151 1246 rant.
193 1181 330 1246 Eoedm
350 1201 444 1268 agros
462 1182 619 1250 Antibarii
642 1199 862 1268 occupavere.
895 1185 952 1268 qui
973 1184 1053 1268 puisi
1075 1193 1171 1248 antea

63 1312 87 1354 e
116 1289 252 1355 Chaucis
286 1289 335 1372 (ut
367 1289 451 1354 idern
472 1291 578 1375 refert)
602 1292 664 1356 suis
685 1290 810 1354 fucrant
834 1288 968 1356 sedibus.
1011 1292 1099 1356 Haec
1119 1293 1172 1358 itte

65 1396 125 1460 ubi
158 1418 262 1482 supra.
302 1397 342 1462 Et
371 1399 500 1484 quidem
531 1399 621 1485 ptura
643 1399 690 1467 his
708 1399 816 1464 similia
838 1397 927 1484 apud
947 1407 1063 1464 veteres
1081 1401 1172 1467 iure·

63 1505 130 1570 niri
150 1525 242 1591 posse
260 1525 328 1570 non
350 1505 483 1584 dubito,
515 1508 575 1572 nisi
606 1507 749 1593 priorum
782 1518 961 1592 temporum
980 1507 1168 1593 scriptoree.

60 1626 97 1679 ut
119 1615 321 1691 Ptolomeus,
357 1615 494 1692 Strabo,
516 1616 642 1684 Tacitus
661 1626 693 1680 et
712 1617 816 1701 plures
837 1616 911 1694 atii,
944 1616 1002 1703 qui
1024 1635 1072 1678 ree
1092 1615 1170 1682 Ger·
1214 1691 1216 1696 ¹

60 1725 208 1790 manices
236 1723 283 1790 rel
315 1723 380 1788 eius
400 1724 491 1790 situm
512 1724 679 1810 diligenter
699 1725 909 1810 scripserunt,
943 1723 1033 1788 valde
1054 1721 1169 1788 obscu-

60 1855 131 1898 ram
166 1831 402 1916 ambiguitatem
434 1832 623 1917 praeberent
644 1831 840 1920 tegentibus,
871 1832 916 1896 ita
939 1843 972 1896 ut
993 1830 1168 1896 admodum

59 1943 193 2008 difficile
224 1942 262 2006 sit
284 1941 462 2008 discernere
482 1951 513 2006 et
533 1959 749 2028 cognoscere,
782 1961 867 2027 quae
889 1939 1064 2028 antiquitus
1085 1939 1170 2004 instr-

1 2087 2 2094 ξ
61 2055 116 2116 iae
148 2061 200 2114 aut
229 2050 413 2136 provinciae
445 2048 550 2114 Friaici
570 2051 703 2121 ‘fuerant
735 2049 810 2112 iuris
838 2059 870 2113 et
892 2051 1028 2114 termini.
1071 2049 1169 2132 Quod

59 2163 141 2227 inde
171 2161 307 2225 evenisse
338 2167 482 2234 constat,
516 2156 592 2242 quia
623 2177 693 2221 non
716 2155 814 2220 modo
834 2157 870 2220 in
891 2156 1078 2230 Germania,
1112 2156 1168 2220 aed

56 2274 92 2337 in
126 2271 277 2336 universo
302 2288 407 2352 paene
425 2265 524 2342 orbe,
557 2285 750 2352 regnorum.
773 2264 1028 2352 provinciarum,
1049 2263 1169 2328 innata·

1 2453 2 2458 ξ
56 2403 151 2458 urm,
188 2379 352 2444 civitatum
382 2390 413 2440 ct
443 2375 586 2442 iocorum
618 2373 753 2437 nomina
782 2372 1004 2458 penituerunt
1033 2379 1166 2438 mutata.

54 2493 193 2576 insuper
224 2498 256 2552 et
276 2505 448 2572 regnorum
469 2494 500 2548 et
520 2483 756 2570 provinciarum
778 2482 898 2547 termini
920 2482 1051 2547 multem
1072 2499 1166 2546 acce·

1 2621 2 2678 ξ
55 2608 180 2687 perunt
219 2595 425 2668 varietatem.
471 2591 516 2656 ite
555 2601 590 2654 ut
631 2587 753 2674 antiqui
783 2589 974 2674 populorum
1004 2588 1079 2652 situs
1110 2599 1165 2654 aut

1 2727 3 2737 ¹
53 2727 190 2797 prorsus
208 2707 411 2792 ignorantur,
436 2711 490 2766 aut
511 2720 585 2765 cum
605 2717 720 2782 magua
742 2697 926 2761 difficultate
946 2697 1161 2773 inveniuntur.

53 2816 177 2906 quibus
210 2814 272 2879 sire
293 2809 458 2876 homiuum
481 2806 649 2880 voluntas,
672 2803 733 2870 dre
753 2823 858 2871 rerum
877 2809 1007 2868 eventus
1028 2804 1163 2868 nomina

1 2913 187 3025 ξρευίιιιε
219 2921 335 2988 diversa
355 2916 511 2982 indidere.
554 2915 626 2978 Hoc
644 2913 737 3000 igitur
756 2910 812 2976 riri
835 2909 1033 2975 attendentes
1053 2910 1159 2986 docti,

1 3031 2 3082 i
50 3048 83 3105 et
121 3033 293 3098 muitarum
324 3045 428 3092 rerum
466 3023 644 3116 cognitione
673 3020 787 3106 periti,
820 3019 1043 3084 laboraverunt
1074 3018 1161 3086 banc

1 3139 170 3232 {tollere
191 3137 425 3225 ambiguitatem
446 3133 617 3200 scribentes
638 3129 760 3202 tabulas
779 3147 871 3213 super
883 3127 1159 3214 cosmographiam

1 3235 212 3354 ξΡιοΙοωεί
234 3261 265 3314 et
286 3246 348 3313 divi
370 3244 510 3311 Caesaris
528 3237 796 3313 Commentarios,
827 3245 862 3300 ut
881 3235 985 3320 prisca
1005 3237 1057 3300 iiia
1077 3238 1159 3324 regi·

52 3385 159 3434 onum
181 3371 213 3426 et
232 3359 396 3427 civitatum
417 3352 557 3418 nomina
572 3370 648 3416 curn
667 3346 728 3422 bis,
744 3345 860 3431 quibus
878 3363 967 3408 nuuc
990 3355 1154 3421 vocantur,

1 3503 2 3516 ¹
51 3469 245 3540 nominibus
265 3463 507 3532 concordarent.
613 3523 625 3542 ξ,

1 3607 2 3612 ’
93 3583 314 3648 Exercuemnt
346 3571 477 3659 quidem
509 3574 677 3652 propterca
698 3560 823 3650 ingenia
845 3579 923 3635 sna,
957 3568 988 3622 et
1009 3577 1074 3638 non
1096 3577 1155 3643 pa.

49 3709 127 3756 rum
159 3689 208 3772 (ut
239 3702 347 3752 rerum
376 3676 488 3761 fatear)
522 3673 725 3760 profecerim
756 3691 794 3736 ex
822 3664 986 3734 fluminum
1018 3666 1154 3732 circum.

48 3797 196 3873 stantib,
226 3814 311 3882 quae
343 3809 461 3877 magua
491 3807 530 3852 ex
556 3793 648 3869 parte
677 3781 709 3846 in
739 3779 908 3846 Germania
930 3777 1061 3863 antiqua
1082 3778 1153 3844 reti·

1 3953 2 3958 κ
47 3913 192 3975 nuerunt
221 3901 374 3974 nomina,
408 3895 632 3967 conicientes,
656 3890 776 3966 muita,
808 3909 893 3975 quae
913 3885 1046 3952 obscura
1068 3887 1152 3969 priua

1 4227 10 4312 ξ’
84 4235 134 4306 (ἡ)
175 4234 251 4288 aad.
270 4233 393 4284 civitate
408 4224 511 4282 donari
527 4231 603 4276 sunt.

1 4080 2 4083 ,
46 4025 163 4090 erant,
196 4011 328 4098 posteris
356 4008 452 4094 plana
484 4001 645 4070 iacientes.
666 4065 669 4072 ,
689 3999 761 4066 Nun
793 4007 900 4063 tamen
930 3995 962 4059 in
983 3993 1146 4070 omnibus,

45 4149 201 4170 Μ

1004 4307 1025 4368 2
