2916 5150
483 447 731 516 cuttotttcon.
944 435 950 448 ’
1092 449 1153 514 too

72 631 137 682 tunc
163 625 336 680 morantem
358 616 391 679 in
413 625 517 680 castro
539 614 652 694 llorst,
685 616 791 680 volens
811 615 931 680 visitare
951 636 1035 680 sum.
1090 617 1153 680 Sed

72 727 111 808 (ut
127 724 281 811 quaedam
302 724 449 790 cronicae
470 724 593 806 dicunt)
608 722 649 788 ab
672 723 805 788 ilenrico
826 725 933 788 Kraen
955 724 1052 788 inria
1075 744 1153 809 cap·

70 843 110 896 tus
126 843 166 896 est
187 854 227 898 sc
249 833 380 899 vinculis
400 832 611 916 mancipatos.
641 831 754 898 Verum
777 831 909 895 loannes
928 830 970 895 de
990 832 1095 908 Belia,
1117 833 1153 895 in

70 943 180 1007 emnica
200 941 352 1006 comitum
366 942 556 1015 llollandiae,
579 941 654 1006 dicit
675 942 776 1025 ipsum
799 951 929 1026 captum
950 941 1032 1005 iussu
1052 941 1155 1006 fratris

70 1051 105 1112 soi
123 1050 240 1114 comitis
250 1049 440 1116 llollandiae
460 1071 479 1113 a
500 1048 643 1134 quodam
656 1049 794 1115 ilenrico
816 1049 949 1124 comite.
968 1059 1065 1134 atque
1084 1070 1157 1114 ear·

70 1158 119 1222 ceri
137 1156 296 1222 traditum.
340 1156 401 1237 Qui
431 1157 541 1240 paucis
561 1157 679 1221 exactis
700 1156 810 1221 dicbus
831 1156 1004 1223 contrariis
1023 1157 1157 1224 vinculis

69 1273 93 1327 et
117 1264 186 1328 seris
205 1263 286 1350 fugit
308 1264 350 1328 ad
371 1262 523 1328 Ottonem
544 1265 693 1328 comitem
716 1263 858 1338 Gelono,
895 1285 915 1326 a
937 1284 1004 1349 quo
1024 1265 1158 1350 benigne

68 1381 209 1456 susceptus
241 1381 373 1456 propter
402 1381 537 1436 veterem
559 1371 746 1446 amicitiam,
768 1371 804 1436 in
825 1371 1026 1456 expeditione
1046 1370 1158 1436 Terrae

69 1480 185 1545 Sanctae
204 1482 305 1564 paulo
325 1489 401 1544 ante
423 1501 496 1545 oum
517 1501 556 1544 eo
578 1490 803 1555 contractam,
830 1479 1051 1545 humanissime
1072 1480 1159 1544 illum

70 1588 215 1663 tractarit,
264 1597 361 1672 atque
402 1597 474 1672 post
503 1608 624 1671 paucos
653 1588 718 1652 dies
748 1589 790 1652 ad
823 1589 987 1654 orientales
1018 1590 1161 1654 lirisones

18 1743 19 1748 η
70 1697 190 1760 illaesum
222 1696 360 1770 remisit,
395 1717 413 1758 a
446 1695 561 1780 quibus
593 1716 667 1760 cum
702 1696 823 1780 ingenti
853 1697 963 1781 plausu
986 1717 1025 1764 ac
1045 1698 1161 1763 laetitia

70 1813 106 1866 est
124 1813 275 1888 receptus.
319 1801 439 1884 Quibus
471 1803 656 1868 Wilhelmus
686 1815 865 1869 commotus
895 1805 1057 1872 beneficiis
1077 1806 1161 1870 Alei·

71 1911 131 1976 deor
147 1913 246 1978 filiam
269 1911 392 1976 comitis
412 1911 561 1975 Gelriae
552 1932 584 1974 m
606 1931 735 1975 uxorem
752 1913 840 1995 petiit
854 1922 886 1976 et
900 1915 1036 1999 accepit.
1067 1910 1162 1977 Cuius

17 1981 19 2080 l
70 2022 182 2104 nuptiae
213 2019 360 2084 Stauriae
391 2039 465 2082 curn
496 2037 611 2101 magna
644 2017 847 2082 solemnitate
868 2031 943 2082 sunt
964 2019 1159 2093 celebratae,

72 2150 145 2194 anno
175 2130 305 2196 Domini
338 2129 492 2194 mcxcviii.
537 2126 657 2192 Deinde
688 2127 900 2192 Theodericus
924 2129 1094 2192 tricesimus
1114 2149 1162 2190 se·

16 2265 18 2330 4
72 2239 180 2302 candus
199 2239 369 2322 episcopus
389 2235 611 2310 Traiectensis,
635 2234 741 2300 ridens
761 2236 925 2300 ecclesiam
936 2236 1162 2301 Traiectensenr

72 2347 160 2411 multis
187 2356 357 2430 gravatam
388 2343 518 2420 debitis,
553 2344 688 2428 perrexit
710 2343 751 2408 ad
773 2342 963 2408 Orientalem
984 2343 1111 2408 Frisium
1132 2353 1163 2407 et

72 2457 143 2520 venit
173 2454 354 2525 Stauriam‚
388 2463 422 2515 ut
454 2451 624 2517 subsidium
657 2463 774 2536 peteret
807 2452 1028 2517 aFrisooibus
1048 2463 1162 2517 contra

15 2565 16 2622 ἶ
72 2586 222 2648 gravamen
256 2562 406 2628 ecclesiae
427 2561 642 2625 Traicetsnsis.
687 2560 870 2624 willielmus
891 2571 994 2623 autem
1015 2561 1165 2625 dominus

71 2672 168 2738 Frisios
198 2672 284 2736 haec
316 2669 449 2734 audiens
469 2667 510 2732 de
530 2665 693 2730 Oesterace
713 2667 799 2728 venit
820 2665 997 2738 Statariam,
1021 2677 1052 2727 et
1073 2687 1165 2750 aegre

71 2781 157 2846 loreas
187 2801 267 2846 suae
309 2779 410 2862 gentis
447 2775 648 2840 exactionem
689 2774 872 2856 episcopum
906 2772 938 2835 in
971 2774 1164 2836 monasterio

70 2889 227 2954 Stauriensi
261 2895 458 2952 exercentem
489 2883 674 2968 synodalem
696 2881 843 2945 iustitiam
865 2881 1052 2965 captivarit,
1085 2901 1164 2963 cap·

73 3006 189 3082 tumque
217 2998 255 3060 in
289 3004 427 3060 castrum
459 3013 548 3055 suum
582 2992 615 3053 in
637 2989 798 3054 Oesteraee
819 2991 941 3054 mittere
961 2990 1078 3065 voluit,
1110 2989 1166 3052 sed

71 3105 142 3170 inter
171 3103 357 3170 cedentibus
376 3099 542 3164 monachis
562 3109 593 3163 et
614 3099 672 3182 piis
692 3098 759 3161 aliis
781 3097 959 3162 bominibus
981 3099 1164 3182 episcopum

72 3213 195 3280 illaesum
220 3212 310 3278 abire
332 3207 482 3294 permisit.

71 3589 121 3646 De
133 3589 342 3650 willielmo
361 3584 590 3644 duodecimo
609 3582 750 3639 comite
769 3581 1001 3638 llollandtce
1020 3585 1061 3638 et
1080 3582 1164 3638 elus

241 3681 425 3753 proetus,
445 3679 486 3736 et
505 3677 553 3734 de
571 3675 667 3732 Harl
685 3675 990 3732 Mediterraneo.

521 3877 609 3941 CAP.
632 3877 732 3942 XVII.

107 4077 202 4139 Anno
225 4073 351 4137 Domini
372 4069 494 4146 mcoiii,
526 4067 603 4132 obiit
635 4066 668 4128 in
691 4066 855 4129 Dordraco
877 4063 1085 4128 Theodericus
1106 4084 1167 4128 un·

72 4181 206 4247 decimus
228 4200 335 4246 comes
356 4177 539 4242 Hellandioe
562 4174 744 4256 relinquens
765 4173 890 4236 unicam
913 4170 1009 4233 filiam
1031 4172 1168 4236 nubilem
1262 4243 1265 4254 ¹
