2916 5150
310 495 370 560 llll)
745 494 968 561 Wottpaal

308 663 364 749 qui
383 684 444 749 pro
465 661 552 729 vobis
572 663 607 726 in
629 683 724 727 cruce
745 663 805 726 suis
825 661 988 746 stipendiis
1008 661 1164 736 militans,
1196 669 1231 724 ut
1252 681 1309 725 vos
1331 663 1416 726 vitae

308 781 456 836 aeternae
496 770 660 847 redderet,
694 780 828 834 mortem
859 769 1028 834 moriendo
1058 768 1193 844 devicit,
1238 769 1417 833 immensae

306 879 423 965 gloriae
452 899 526 943 suae
557 879 698 943 facturus
718 878 903 962 participes,
940 877 1049 962 quise
1069 876 1209 940 reddunt
1230 876 1334 960 gratia
1356 896 1416 940 sua

307 986 429 1072 dignos.
474 988 588 1050 Datum
610 986 711 1050 nean
732 984 833 1069 pridie
854 984 924 1048 idus
944 982 1091 1050 Octobris
1110 984 1318 1069 pontificatus
1337 1004 1417 1048 nos·

306 1093 347 1157 tri
377 1115 468 1158 anno
500 1094 635 1158 decimo.

348 1203 441 1267 llanc
461 1202 626 1287 epistolam
649 1201 720 1265 licet
743 1181 912 1262 Romanus
931 1197 1076 1282 pontifex
1096 1199 1247 1266 universis
1266 1198 1419 1264 fidelibus

306 1311 483 1374 Bremensis
514 1310 698 1395 provinciae
730 1307 900 1392 scripsisse,
949 1315 1046 1390 caput
1079 1307 1228 1390 epistolae
1268 1305 1415 1380 indicat,

304 1419 341 1481 in
371 1439 520 1503 processu
553 1429 658 1482 tamen
691 1416 732 1480 ad
763 1416 856 1480 solius
878 1415 1057 1480 Friscnieae
1086 1415 1228 1479 nationis
1247 1434 1417 1480 commen-

306 1525 473 1593 dationem
492 1528 597 1591 stilum
617 1525 786 1590 convertit.

823 1843 903 1874 Q

304 2104 510 2174 Exemplar
527 2101 720 2172 epistolae
738 2098 944 2158 Fredertct
961 2099 1126 2156 secundi
1141 2101 1414 2172 imperatoris,

338 2197 520 2255 meones
537 2195 589 2253 ad
606 2193 821 2256 subsidium
839 2193 984 2249 'ferree
997 2191 1163 2251 Sanctae
1175 2197 1375 2254 voeentis.

749 2394 839 2458 CAP.
860 2393 956 2460 XXV.

343 2610 525 2675 Fredericus
556 2611 608 2675 llei
639 2611 740 2696 gratia
761 2609 985 2674 Romanorum
1006 2611 1178 2695 imperator
1206 2630 1331 2694 semper
1352 2633 1414 2676 au·

301 2727 425 2802 gustus,
458 2719 649 2782 Hierusalem
675 2729 713 2782 'et
746 2718 871 2783 Siciliae
902 2739 975 2794 rex,
1010 2719 1160 2782 universis
1190 2740 1246 2802 per
1279 2719 1414 2785 Frisiam

301 2829 499 2904 constitutis,
522 2827 637 2911 quibus
658 2835 836 2909 praesentes
858 2826 963 2890 literae
984 2836 1124 2891 ostensae
1143 2826 1278 2902 suerint,
1301 2827 1414 2892 fideli-

300 2937 359 3002 bus
388 2937 449 2998 suis
477 2936 610 3019 gratiam
633 2955 721 2996 suam
742 2943 772 2996 et
793 2953 889 2997 omne
910 2933 1044 2999 bonum.
1089 2933 1223 3000 Celebris
1243 2936 1330 3000 lama
1354 2960 1414 3004 vos

301 3044 428 3118 docuit,
462 3053 493 3106 et
527 3041 654 3106 assertio
683 3041 811 3126 publiea
841 3043 905 3105 iam
927 3042 1092 3118 instruxit,
1116 3044 1251 3126 qualiter
1272 3066 1292 3109 a
1314 3067 1414 3131 prae·

299 3152 391 3216 terito
411 3171 520 3215 mense
549 3151 690 3234 Augusto
723 3150 776 3212 xiii
807 3148 980 3214 indictione
1017 3171 1116 3236 usque
1138 3153 1179 3216 ad
1200 3152 1282 3217 duos
1303 3177 1415 3222 annos

300 3260 492 3344 completos,
517 3267 648 3321 auctore
670 3258 821 3333 Domino,
843 3256 1085 3341 disposuerimus
1107 3261 1142 3323 in
1165 3281 1264 3325 manu
1283 3267 1414 3346 potenti

299 3377 330 3432 et
351 3365 481 3431 brachio
502 3374 633 3430 extento
654 3365 856 3429 transfretare
878 3366 920 3428 ad
942 3366 1114 3431 subsidium
1135 3377 1166 3432 et
1188 3368 1413 3438 liberationem

298 3474 438 3541 debitam
459 3474 571 3538 Terrae
602 3471 761 3548 Sanctae,
793 3493 893 3559 quam
915 3472 1111 3558 Redemptor
1132 3473 1264 3542 humani
1284 3483 1416 3564 generis

297 3606 353 3648 sua
383 3583 531 3668 dignatus
561 3591 606 3646 est
638 3581 819 3665 praesentia
839 3601 1049 3658 consecrare,
1082 3584 1203 3669 inqua
1225 3585 1415 3654 mirabiliter

297 3701 444 3774 operatus
475 3699 520 3753 est
550 3697 680 3751 nostrae
709 3689 816 3752 salutis
845 3699 875 3752 et
905 3689 979 3754 fidei
1014 3702 1225 3758 sacramenta.
1268 3691 1353 3758 Cum
1375 3696 1414 3758 sit

295 3799 542 3886 ignominiosum
563 3793 760 3879 principibus
779 3795 929 3860 universis
950 3808 980 3862 et
1002 3798 1125 3885 regibus
1144 3811 1267 3878 terrae,
1303 3812 1414 3868 caete·

294 3909 421 3993 risque,
455 3906 512 3991 qui
534 3903 662 3968 nomine
683 3902 862 3969 Christiano
883 3917 1075 3982 censentur,
1110 3919 1145 3972 ut
1168 3910 1312 3974 tamdiu
1335 3931 1414 3976 non

295 4020 415 4104 absque
446 4013 686 4082 Christianitatis
717 4013 832 4079 iniuria
862 4017 1014 4100 templum
1047 4018 1173 4082 Domini
1206 4028 1237 4083 et
1259 4028 1414 4083 sanctam

294 4126 452 4190 civitatem
481 4123 662 4210 prophanet
695 4123 828 4208 impius,
875 4135 906 4190 et
939 4126 1072 4192 ancillae
1102 4128 1205 4204 filius,
1238 4127 1415 4193 dominam

293 4231 455 4317 gentium,
490 4231 702 4316 libertatisque
735 4242 928 4315 patronam,
966 4231 1061 4316 (prola
1081 4233 1200 4319 pudor)
1223 4235 1283 4302 sub
1306 4235 1414 4304 hostili
