2950 5144
533 473 783 542 cultoltlcou.
1162 481 1205 548 78

83 640 328 718 monasterium
360 640 446 706 clare
478 640 594 726 liquet,
627 653 659 710 et
689 643 828 710 eiusdem
858 644 953 710 eliam
974 645 1096 712 ordinis
1116 645 1206 712 luisse

89 772 170 818 eum
204 759 368 814 conventu
398 749 610 826 Traieotensi,
644 751 701 837 qui
733 761 809 818 teste
827 762 938 818 saneto
960 753 1134 819 llsredino
1158 754 1206 838 (ut

87 860 221 924 dietum
243 857 302 940 est)
326 868 418 922 eraut
439 858 588 924 canonici
610 857 826 924 caenubitales
846 880 899 924 seu
920 861 1086 944 regulares.
1115 862 1205 928 Con·

86 968 244 1032 linantur
266 967 360 1030 eliam
380 967 415 1030 in
436 967 496 1031 ista
516 967 647 1032 eeclesia
669 978 700 1032 et
722 970 914 1033 monasterio
936 970 1053 1034 multoe
1073 982 1203 1036 saneto·

85 1098 163 1141 rum
188 1075 349 1160 reliquiae,
369 1075 512 1140 videlicet
533 1075 659 1160 triginta
679 1097 795 1141 norem
817 1097 954 1162 corpora
977 1076 1090 1142 borum
1110 1099 1203 1146 sanc·

85 1196 202 1249 torum
233 1195 419 1270 martyrum.
464 1184 545 1266 Quia
580 1185 627 1269 (ut
648 1185 787 1270 superius
808 1184 942 1270 dietum)
965 1207 1081 1272 corpus
1101 1189 1201 1254 macti

85 1294 256 1360 Ronilaoii
288 1315 362 1360 cum
395 1293 564 1358 duodecim
597 1293 730 1357 aliorum
763 1294 921 1358 sociorum
953 1295 1019 1359 eius
1039 1306 1201 1380 asportata

88 1403 237 1468 lirerunt.
266 1403 346 1466 llam
367 1421 491 1466 corona
512 1400 615 1465 saneti
628 1399 782 1465 Bonilaoii
804 1400 926 1486 capitis.
960 1401 1038 1464 llem
1059 1404 1126 1468 eius
1145 1423 1201 1468 ea·

87 1512 175 1587 sins,
189 1510 276 1585 alba,
297 1510 493 1594 manipulus,
506 1509 585 1574 stola
607 1518 638 1574 at
659 1509 752 1574 calix.
775 1509 855 1572 llam
867 1509 971 1574 codas
980 1510 1196 1596 evangelicus,

83 1621 130 1685 de
165 1640 236 1704 quo
266 1619 302 1681 in
331 1618 396 1682 eius
418 1615 552 1701 legenda
573 1615 694 1701 legitur.
739 1617 817 1680 ltem
837 1617 903 1680 sius
923 1616 1056 1684 Meuius
1075 1621 1200 1703 episeo-

82 1729 170 1814 palis
216 1736 248 1790 et
277 1725 412 1810 scyphus
442 1733 626 1809 argenteus,
670 1746 709 1789 ex
739 1745 808 1810 quo
840 1724 948 1790 bibere
981 1740 1197 1794 conmererat.

82 1837 171 1900 Item
192 1833 316 1919 lapides
335 1853 373 1896 ex
394 1831 532 1917 panibus
552 1831 737 1898 miraculose
756 1833 854 1908 lacti,
876 1833 932 1919 qui
955 1833 1060 1900 adbuc
1081 1835 1198 1900 babenl

1 2027 2 2032 ἵ
85 1945 235 2010 colorem
264 1940 356 2026 panis
387 1939 509 2005 triticei.
552 1940 610 2003 llic
631 1940 793 2004 sublicium
815 1941 959 2006 carmina
982 1941 1108 2010 Aleuini
1129 1945 1198 2008 Au.

1 2139 2 2146 ἵ
82 2053 163 2137 glioi
196 2049 339 2116 doctoris
370 2047 569 2114 ecelesiasliei
591 2057 622 2111 et
642 2048 781 2132 magistri
802 2046 905 2112 Caroli
927 2052 1058 2134 magui,
1081 2053 1122 2120 ds
1142 2073 1196 2120 ω.

1 2297 6 2396 l

83 2162 182 2228 olesia
204 2159 311 2226 saneti
334 2156 488 2222 bonifacii
509 2156 542 2220 iu
565 2154 730 2229 Deultum,
754 2154 819 2218 sies

242 2327 296 2385 llio
314 2334 397 2403 paler
415 2323 544 2401 egregius
564 2321 674 2379 meritis
694 2319 859 2379 Boniiaoius
877 2319 962 2378 almis

242 2429 317 2488 (lum
336 2426 418 2484 sociis
436 2425 546 2502 pariter
565 2423 707 2482 fundebat
726 2421 876 2498 sanguinis
896 2421 1016 2484 undam.

240 2529 347 2589 lnalila
365 2526 497 2604 martyrii
515 2533 659 2583 samaritas
677 2531 829 2583 stemmata
846 2525 940 2590 seori,

183 2682 186 2688 .
241 2633 332 2691 Terra
351 2632 435 2689 beata
454 2629 541 2686 nimis
560 2617 724 2684 sanatorum
743 2624 883 2702 sanguina
902 2625 991 2685 diras.

240 2733 410 2793 Transvolat
427 2732 498 2789 bino
516 2730 606 2787 riolor
625 2725 708 2784 miles
727 2725 765 2782 ad
784 2725 915 2801 praemia
932 2727 1004 2784 ooali

239 2837 352 2898 Ultima
369 2834 525 2910 cespitibus
542 2830 603 2888 istis
622 2828 739 2905 vestigia
757 2826 904 2902 linquens.

240 2937 357 3000 Suadeo
376 2942 553 3013 quapropter
571 2937 690 2989 ourrato
708 2929 816 3006 poplita
833 2927 978 3005 supplex,

239 3041 285 3100 Tu
304 3041 478 3117 quiournqua
497 3035 589 3111 legis,
608 3032 693 3090 larris
711 3031 757 3090 bis
774 3030 872 3088 ossula
890 3031 958 3107 figo.

237 3143 310 3220 Spes
328 3139 384 3198 libi
402 3155 510 3214 magns
527 3135 579 3192 fiat
598 3133 746 3190 lsobriruis
764 3131 918 3190 ascendere
935 3133 1048 3193 eoelum

236 3245 312 3302 llino
329 3242 455 3320 potuisse
474 3237 560 3316 [tuis.
578 3235 670 3293 sullus
687 3234 859 3312 patronibus
876 3233 937 3292 istis
948 3236 1010 3315 (·).]

236 3348 290 3408 llio
308 3354 407 3406 manet
424 3343 475 3401 ille
495 3358 580 3398 arnor
599 3345 701 3396 annno
718 3337 869 3414 pretiosior
887 3356 981 3404 auro,

235 3449 424 3524 Mambrsque
443 3441 557 3502 ooalesti
575 3458 640 3497 rore
659 3439 707 3496 hio
725 3439 844 3516 perfusa
862 3438 1022 3514 quieseunt.

236 3550 359 3609 Adiuvat
378 3547 448 3604 hino
466 3542 571 3600 Paulus
590 3540 709 3603 doctor,
728 3539 892 3596 bonifacius
910 3539 1001 3603 inde.

163 3629 165 3634 Ι
236 3653 313 3710 llseo
330 3649 390 3708 illis
407 3644 545 3725 quoniam
564 3648 674 3699 oonstst
692 3639 779 3698 simul
798 3639 866 3696 aula
884 3638 988 3698 diesu.

84 3899 327 4022 wunsam
342 3941 374 3992 in
392 3936 523 3990 omuibus
540 3931 743 4000 exemplaribus
760 3929 892 3984 mutilum
909 3928 1022 3981 restitui
1040 3945 1072 3978 ex
1091 3926 1186 3982 nster·

75 4044 125 4096 des
142 4037 275 4109 heiligen
291 4035 474 4092 Lunensis,
491 4042 546 4080 von
565 4024 598 4077 P.
616 4023 670 4075 W.
691 4022 872 4076 Bnnnnnns.
908 4015 1136 4072 Neulsaialrlsbsn
1153 4039 1184 4074 u.

1 4099 2 4110 ἵ
79 4132 278 4204 Gardelegen,
316 4125 396 4188 1843,
422 4139 484 4192 pag.
512 4119 572 4174 164.
608 4115 669 4174 Ubi
695 4132 793 4174 versus
822 4115 1011 4170 lucanum
1037 4114 1184 4186 leguntur,

1 4251 2 4314 p
76 4229 214 4298 plurimis
233 4233 328 4280 tamen
347 4218 426 4279 viliis
443 4212 593 4284 inquinati.
