2916 5150
183 567 185 572 Α
322 478 368 542 oc
773 470 995 535 Woararu

197 655 200 662 '
322 647 519 720 consentire,
553 642 588 705 in
621 640 711 705 malis
743 648 847 704 autem
870 636 1009 702 resistere
1029 644 1060 698 et
1081 632 1257 720 corrigere,
1290 633 1433 697 Domino

321 761 414 823 teste.
447 750 504 835 qui
535 771 593 835 per
623 747 811 834 prophetam
840 743 1031 810 Ezechielem
1064 742 1125 808 ait:
1169 741 1204 805 Si
1234 760 1303 805 non
1337 741 1433 806 fueris

320 860 462 933 locabis,
497 866 534 920 ut
563 855 720 922 custodiat
752 875 784 918 se
813 852 927 937 impius
955 851 1045 916 avia
1066 872 1144 926 sua,
1177 860 1209 915 et
1229 850 1295 938 ipm
1314 849 1432 934 impius

319 968 353 1031 ia
385 966 545 1051 impietate
574 985 630 1029 sira
657 962 828 1038 morietur,
864 960 1049 1046 sanguinem
1080 979 1153 1025 vero
1173 959 1237 1024 eius
1267 958 1309 1023 de
1330 979 1431 1022 manu

273 1094 276 1099 ·
320 1084 375 1139 tua
406 1074 575 1158 requiram.
618 1071 840 1155 Quapropter.
874 1068 1006 1133 domine
1037 1088 1110 1141 rex,
1144 1067 1170 1131 si
1199 1067 1333 1131 libitus
1356 1086 1428 1131 non

323 1181 608 1246 annunciassemus
638 1187 793 1264 peccata,
829 1189 860 1242 et
892 1197 960 1242 non
996 1176 1201 1263 arguissemus
1234 1186 1283 1250 te,
1318 1186 1354 1238 ut
1387 1175 1430 1239 ab

320 1289 479 1374 impietate
509 1297 563 1352 tua
594 1297 792 1354 converteres
822 1296 854 1351 et
873 1286 1008 1365 viveras,
1040 1296 1073 1350 et
1094 1307 1174 1362 nos,
1209 1285 1352 1370 quinon
1373 1286 1429 1348 in-

321 1417 533 1482 crepassemns
563 1406 613 1471 te,
649 1395 705 1481 qui
738 1393 832 1459 nobis
860 1393 1071 1480 peccantibus
1091 1415 1261 1480 peccares,
1292 1394 1428 1458 flammis

319 1505 464 1590 perderet
494 1503 701 1589 perennibus.
744 1503 804 1569 Vix
834 1523 872 1566 ea
893 1502 1015 1567 dixerat
1035 1503 1220 1587 episcopus,
1254 1502 1428 1586 imperator

320 1613 465 1688 errrbuit,
498 1621 530 1677 et
562 1611 606 1676 ad
636 1620 760 1695 tempus
791 1609 986 1694 poenitentia
1020 1609 1134 1674 ductus
1154 1610 1338 1675 lacrimatus
1358 1620 1426 1685 est,

320 1722 521 1808 demissisque
560 1722 595 1784 in
637 1731 752 1785 terram
782 1720 953 1785 luminibus
984 1721 1143 1804 suspirans
1174 1721 1237 1784 aits
1292 1721 1427 1787 Peccavi

320 1840 352 1894 et
386 1852 405 1894 a
438 1831 489 1893 via
518 1829 618 1894 erravi
642 1829 798 1902 veritatis,
829 1847 917 1892 reum
938 1849 989 1891 me
1008 1828 1128 1901 reddo,
1162 1838 1328 1913 vestroque
1347 1828 1426 1891 sub·

321 1940 419 2004 iectus
458 1936 576 2001 iudicio
616 1935 749 1999 libenter
778 1955 829 1998 me
859 1933 901 1999 de
932 1936 1102 1999 commissis
1137 1935 1328 2001 emendabo.
1370 1938 1425 2001 llis

319 2045 414 2110 finitis
433 2043 650 2118 sermonibus,
681 2041 809 2106 beatum
831 2041 930 2106 virum
964 2063 1038 2108 cum
1069 2044 1199 2108 caeteris
1219 2043 1424 2128 pontificibus

319 2173 374 2217 rex
405 2151 542 2218 vocabat
574 2150 615 2215 ad
636 2149 828 2235 prandium.
864 2169 903 2214 ac
923 2148 1040 2213 deinde
1060 2151 1230 2215 salutatum
1250 2171 1319 2215 sum
1340 2173 1423 2216 sum·

319 2282 373 2325 mo
412 2260 536 2324 bonore
576 2258 691 2323 remisit
720 2258 908 2322 Traiectaun.
961 2257 1052 2322 Tunc
1081 2269 1211 2323 sanetus
1242 2259 1449 2326 Fredericus

316 2368 376 2434 sibi
407 2367 605 2432 commissam
638 2365 769 2449 cupiens
799 2365 931 2429 lustrare
964 2365 1115 2430 diocesim
1136 2366 1179 2430 ad
1201 2368 1338 2432 insulam
1357 2369 1422 2433 iam

318 2477 438 2542 dictam
477 2473 615 2557 primum
657 2471 700 2536 ob
741 2473 979 2559 evangelizandi
1011 2475 1149 2539 studium
1180 2476 1241 2542 iter
1270 2477 1421 2561 disposuit

317 2603 429 2658 suum,
462 2590 624 2667 ventoque
652 2601 804 2666 prospero
834 2581 1050 2648 Walacbriam
1082 2585 1246 2669 applicuit.
1289 2587 1327 2650 Et
1348 2595 1420 2671 post

317 2692 432 2756 multos
461 2689 586 2756 labores
613 2711 725 2755 omnes
755 2691 883 2756 incolae
912 2691 1142 2776 poenitentiam
1173 2703 1303 2779 agentes
1322 2694 1420 2759 foeda

317 2801 507 2886 reliquerunt
539 2799 697 2884 coniugia.
742 2799 870 2863 {nterim
890 2799 997 2864 Iudith
1019 2802 1127 2886 regina
1149 2821 1238 2866 nuno
1257 2822 1315 2886 per
1334 2804 1420 2886 epis-

317 2911 416 2984 tolas,
439 2927 531 2972 nunc
550 2905 797 2970 innumerabiles
818 2906 983 2972 offerendo
1003 2930 1116 2995 gazas,
1148 2921 1297 2976 sanctum
1317 2910 1420 2975 virum

316 3017 361 3081 ad
389 3014 424 3078 id
453 3012 628 3078 conabatur
658 3013 805 3090 flectere,
838 3024 873 3080 ut
905 3017 1094 3081 auctoritate
1124 3017 1181 3081 sibi
1204 3017 1342 3094 tradita,
1377 3019 1420 3083 eis

316 3122 478 3188 licentiam
509 3121 542 3186 in
575 3121 727 3206 coniugio
755 3124 965 3210 permanendi
997 3125 1199 3191 concederet.
1255 3125 1305 3190 ad
1338 3125 1419 3192 baec
1449 3181 1450 3184 ,

317 3231 395 3296 dum
423 3231 473 3295 ille
502 3229 726 3304 reluctaretur,
760 3240 791 3293 et
823 3231 897 3295 talia
925 3231 993 3296 sine
1022 3234 1133 3296 summi
1153 3233 1318 3318 pontificis
1339 3234 1419 3299 alio·

316 3359 450 3424 rumque
469 3337 647 3420 praesulum
668 3336 786 3402 iudicio
806 3338 875 3402 fieri
895 3338 1021 3403 minime
1039 3360 1131 3426 posse
1152 3343 1289 3415 diceret.
1311 3341 1420 3425 regina

315 3444 482 3512 miserabili
524 3445 700 3512 obcaecata
731 3466 842 3510 amore
869 3447 972 3510 multis
1002 3448 1044 3512 de
1075 3451 1176 3515 musis
1205 3451 1272 3514 Deo
1305 3470 1419 3515 carum

316 3555 422 3640 coepit
453 3575 602 3622 accusare
632 3556 835 3641 episcopum.
870 3565 967 3640 atque
988 3558 1098 3624 animo
1117 3559 1256 3635 volvere,
1280 3558 1419 3643 qualiter

317 3683 389 3726 eum
409 3675 514 3747 posset
534 3664 677 3750 perdere.
