2950 5144
285 485 327 550 90
728 481 950 548 Wurtrttrtr

285 656 385 719 Deum
425 651 542 738 ubique
583 651 637 716 tibi
677 651 917 734 praeferendum
948 670 1017 716 non
1050 650 1247 726 dubitarem,
1292 671 1391 738 quem
1463 651 1465 718 1

286 760 435 828 omnibus
463 756 730 844 anteponendum
761 779 873 822 omnes
906 768 1047 836 norunt,
1083 779 1197 824 omnes
1228 758 1388 835 latentur,
1463 727 1466 808 1

284 873 348 938 hoo
377 871 464 934 enirn
493 878 524 934 et
552 867 665 932 mibi
657 887 723 952 rpse
742 866 949 952 praecepisti,
969 866 1104 953 ιιιιιιιιιο
1125 867 1282 952 pastorale
1304 887 1390 931 onus

285 979 363 1044 mihi
380 976 579 1061 imponebas,
603 987 638 1039 ut
658 976 724 1039 Deo
744 976 883 1059 primurn
902 976 1102 1042 serviendum
1123 977 1250 1049 scirem,
1273 975 1391 1040 deinde
1466 973 1467 1040 ?

286 1088 362 1162 tibi,
394 1084 485 1172 quod
514 1093 546 1146 et
578 1103 668 1147 nuno
697 1082 768 1148 ieci.
810 1081 891 1146 llam
921 1082 1020 1147 Deum
1051 1081 1108 1148 tibi
1136 1093 1168 1146 et
1198 1083 1323 1147 cunetis
1352 1084 1389 1146 in
1466 1113 1467 1122 ¹

286 1206 369 1262 terre
400 1190 584 1258 mortalibus
604 1187 869 1275 praeponendum
891 1211 960 1254 non
983 1190 1129 1277 ambigo;
1163 1212 1267 1276 neque
1297 1201 1389 1256 tuum

287 1323 352 1390 esse
373 1300 511 1376 credidi,
544 1299 633 1384 quod
664 1297 737 1364 huio
766 1299 895 1362 iussioni
916 1308 948 1362 et
967 1299 1254 1384 perspicacissimae
1271 1300 1389 1364 rationi

288 1410 482 1478 contrarium
511 1417 599 1473 esset.
640 1407 719 1472 ldeo
749 1427 818 1471 non
843 1407 883 1470 ad
906 1406 1009 1491 regiae
1028 1409 1192 1492 potestatis
1211 1407 1393 1472 inhonora·

287 1521 409 1604 tionem
430 1526 461 1582 et
481 1524 720 1600 contemptum,
745 1525 780 1577 ut
800 1513 945 1579 malevoli
966 1515 1193 1592 criminantur,
1214 1515 1270 1581 sed
1291 1534 1392 1600 prop·

289 1638 336 1692 ter
364 1636 449 1689 tuam
470 1623 621 1696 salutem,
655 1642 739 1707 quae
761 1622 825 1684 Deo
847 1620 1003 1686 debebam
1024 1623 1201 1698 exsolvere,
1235 1621 1391 1688 otirabam

288 1745 321 1800 et
348 1735 394 1799 ita
424 1739 659 1816 consequenter
688 1730 731 1795 ad
762 1730 919 1795 servitium
950 1730 1126 1814 expeditior
1156 1732 1241 1797 reni.
1286 1731 1399 1813 Quam.

289 1843 354 1908 eius
385 1843 622 1924 responsionem
639 1835 708 1903 'rex
740 1837 876 1921 optimus
906 1823 1070 1923 gratanter
1090 1840 1266 1925 amplexus:
1308 1841 1393 1904 Gre-

290 1951 349 2012 tins
371 1945 501 2030 (inquit)
526 1945 661 2020 habeto,
688 1943 854 2029 episcope,
887 1946 964 2029 quia
984 1947 1113 2031 qualem
1134 1957 1166 2011 te
1187 1967 1252 2012 eme
1272 1946 1395 2012 eredidi

290 2077 430 2140 semper,
463 2054 555 2120 talem
589 2073 680 2118 nuno
709 2063 853 2138 expertus
884 2074 964 2118 sum.
1009 2054 1046 2118 lit
1077 2054 1210 2139 quidam
1240 2056 1391 2135 fuerunt,

291 2165 349 2250 qui
380 2164 442 2228 boo
474 2173 563 2225 tuum
594 2161 714 2226 faotum
745 2160 787 2224 ad
820 2180 924 2225 meam
954 2158 1115 2227 traherent
1134 2163 1304 2241 iniuriam,
1338 2165 1394 2229 sed

291 2273 350 2336 hos
380 2279 490 2356 utpote
520 2267 691 2334 sanctitatis
724 2278 796 2333 tuae
827 2267 949 2335 invidos
979 2269 1086 2333 minus
1116 2279 1223 2354 gratos
1256 2271 1394 2339 habebo.

293 2381 360 2454 Tu,
392 2388 427 2440 ut
452 2395 575 2459 semper
595 2374 713 2448 teoisti,
745 2375 800 2440 uei
821 2395 944 2460 semper
964 2376 1156 2442 voluntatem
1177 2399 1332 2462 operare,
1364 2394 1398 2447 et

293 2485 384 2552 amul
412 2482 503 2547 nohis
528 2481 660 2546 devotus
680 2501 721 2546 ao
741 2480 842 2546 fidelis
860 2503 921 2567 pro
941 2484 1041 2548 nostri
1059 2484 1182 2568 imperii
1201 2496 1283 2551 statu
1304 2507 1398 2552 orare

294 2598 466 2669 memento.
511 2588 539 2653 0
569 2609 668 2674 quens
700 2588 850 2655 imitabile
881 2601 948 2656 tam
978 2593 1014 2654 in
1035 2592 1201 2658 seeerdote
1221 2596 1400 2660 sacerdoti·

294 2700 372 2774 bus,
404 2716 503 2784 quam
523 2697 560 2760 in
581 2717 653 2782 rege
674 2696 798 2783 regibus
817 2701 1004 2784 exemptum.
1046 2701 1173 2766 llisoant
1193 2725 1211 2766 a
1229 2703 1403 2770 sacerdote

294 2807 475 2874 sacerdotes
507 2803 629 2891 regibus
657 2814 688 2869 et
719 2805 915 2890 principibus
935 2807 1090 2872 honorem
1104 2810 1170 2894 (t),
1202 2811 1327 2877 disoaru
1350 2814 1403 2877 ita

295 2918 353 2982 illis
372 2912 611 2997 obtemperare,
633 2921 669 2975 ut
690 2911 833 2978 divinum
852 2933 918 2978 non
938 2914 1097 3000 negligant
1117 2919 1285 2985 servitium.
1328 2922 1403 2986 Dis-

296 3033 373 3090 oant
403 3039 489 3105 reges
519 3039 539 3081 e
572 3038 643 3102 rege
664 3019 785 3083 nemini
806 3040 896 3084 suum
918 3021 1059 3087 officium
1080 3027 1264 3111 exsequenti
1283 3030 1399 3106 irasci,

297 3131 420 3194 dboaut
451 3124 666 3192 sacerdotibus
696 3127 801 3192 divina
822 3139 992 3213 praeoepta
1013 3132 1204 3197 serventibus
1224 3155 1293 3199 non
1314 3157 1404 3202 oon·

297 3238 402 3302 traire.
455 3235 566 3300 Sciant
605 3233 783 3298 saeerdotes
814 3236 859 3300 sio
890 3236 1014 3322 regibus
1044 3237 1201 3307 honorem
1230 3243 1399 3323 exhibere,

297 3356 334 3409 ut
364 3345 464 3408 Deum
492 3361 614 3424 semper
645 3353 870 3426 praeponant3
900 3346 1005 3410 soient
1034 3369 1122 3434 reges
1140 3351 1186 3414 ita
1208 3372 1241 3416 se
1261 3353 1404 3419 homini·

298 3452 411 3517 busin
432 3449 566 3534 negotiis
586 3450 798 3516 mundialibus
817 3473 883 3517 esse
902 3457 1120 3539 praepositos,
1150 3470 1185 3523 ut
1205 3463 1309 3528 modis
1327 3484 1405 3529 ons·

297 3560 391 3626 nibus
431 3558 547 3622 lleo
537 3580 570 3622 ιιι
599 3557 773 3624 Christiana
805 3561 955 3645 religione
984 3562 1203 3634 mbiioiantur.
1259 3572 1407 3638 llortutrs

256 3688 260 3694 ·
298 3678 343 3732 est
371 3677 480 3731 autem
511 3667 557 3730 vir
589 3665 717 3730 Domini
749 3667 910 3751 Ludgerus
940 3670 1193 3739 llonasteriensis
1223 3681 1407 3774 protoepis-

298 3796 417 3860 copus,
440 3783 512 3857 post
532 3773 705 3838 multorum
726 3774 901 3839 infidelium
921 3778 964 3842 ad
986 3779 1196 3847 Christianam
1218 3787 1406 3871 religionem

298 3883 557 3959 conversionem,
581 3882 843 3967 multarumque
833 3905 868 3948 ιιι
891 3887 946 3952 llei
967 3876 1094 3954 nomine
1113 3892 1264 3958 virtutum
1287 3917 1407 3982 opern-

298 3994 416 4072 tiones,
447 4012 540 4057 anno
573 3990 699 4055 Domini
729 3990 849 4077 riiiffix,
885 3994 924 4059 ιιι
957 3994 1106 4062 calendas
1141 4001 1271 4085 Aprilis,
1311 4025 1409 4073 anno

293 4157 452 4174 m

336 4221 381 4291 (s)
422 4220 492 4275 Post
507 4222 640 4278 honorem
658 4223 796 4279 excidisse
817 4227 928 4281 ridetur
948 4231 1091 4300 exhibere,
1113 4253 1139 4292 ι,
1159 4256 1182 4290 ι.
1202 4257 1229 4306 q.
