2950 5144
496 484 746 552 annuutcott.
1127 491 1170 556 ὅ

62 650 192 714 Bedanr
224 649 405 734 Vurtigern)
438 653 581 736 atuoepit·
602 652 761 739 benigne,
803 664 834 718 et
866 653 996 720 tradidit
1022 657 1066 722 eia
1084 657 1172 722 inar-

63 759 152 834 lam.
184 777 272 844 quae
291 767 422 822 voeatur
443 759 583 834 Thanet‚
614 762 691 846 quia
721 763 931 847 prominerunt
963 764 1048 848 regi,
1082 765 1173 851 quod

63 865 126 930 sibi
153 865 263 930 fidelea
300 876 402 930 erent
433 878 548 932 eontra
581 869 735 935 inimiooa.
789 870 951 956 Hengiatue
981 891 1058 957 ergo
1087 871 1173 938 Frieo

62 996 143 1040 oum
173 981 253 1038 esset
286 980 423 1048 astutus,
457 974 533 1040 feeit
563 995 596 1040 ae
635 977 697 1060 regi
726 977 930 1054 familiarem,
964 990 997 1043 et
1027 980 1173 1046 oonaide·

66 1104 146 1148 rana
173 1084 276 1167 ipsum
318 1079 504 1146 imbecillem
542 1094 573 1148 et
606 1084 707 1150 minua
746 1085 951 1170 prudentem.
997 1087 1174 1174 Soolorque

65 1202 167 1276 atque
187 1190 293 1254 Pictos
312 1189 471 1254 continuo
490 1189 686 1256 Britanniam
706 1193 910 1278 impugnare,
925 1196 1077 1279 pererrauit
1098 1197 1173 1282 regi,

68 1309 106 1362 nt
138 1298 272 1364 mitteret
307 1317 381 1362 eam
413 1297 456 1363 ad
484 1297 613 1362 Frisium
644 1299 780 1383 patriam
811 1319 918 1374 suam,
949 1321 1009 1383 pro
1029 1301 1176 1367 militibua

71 1406 231 1470 bellicosis
256 1405 372 1470 ibidem
405 1403 606 1470 abundanter
635 1406 855 1482 existentibus,
899 1406 1013 1494 quibua
1045 1427 1176 1490 regnum

70 1516 141 1580 eiua
172 1523 332 1579 tutaretur.
376 1512 464 1600 Rege
493 1533 569 1599 ergo
590 1523 775 1589 annuente,
798 1515 960 1600 flengitlue
979 1514 1113 1600 perrexit
1134 1513 1176 1580 ad

70 1623 223 1699 Frisium,
256 1631 287 1686 et
306 1621 432 1708 collegit
454 1622 594 1688 Friaonea
614 1623 647 1689 in
668 1621 877 1689 multitudine.
921 1625 959 1688 Et
979 1623 1083 1707 primo
1103 1624 1176 1708 qni·

67 1732 145 1796 dem
176 1731 209 1794 xi
230 1749 326 1794 neree
357 1749 432 1795 eum
462 1750 560 1794 uxore
588 1751 645 1796 rua
672 1740 704 1795 et
724 1729 814 1796 Ooba
834 1731 902 1798 filio
921 1743 953 1797 et
974 1731 1039 1796 filia
1058 1742 1089 1796 et
1111 1731 1177 1797 aliia

69 1838 177 1903 multis
207 1837 315 1902 amieis
343 1837 424 1913 nris,
459 1858 498 1903 ao
529 1848 640 1922 poatea
670 1838 702 1902 xl
724 1858 822 1904 nerea
840 1838 1022 1904 horninibus
1044 1839 1177 1923 reptatu

70 1945 216 2012 adduxit.
259 1946 298 2010 Et
330 1944 446 2010 deinde
478 1945 542 2031 regi
571 1946 749 2012 convivium
768 1948 978 2032 praeparavit.
1029 1945 1100 2012 Rex
1120 1967 1178 2013 au·

75 2065 140 2118 tem
169 2054 201 2118 in
229 2053 378 2119 convivio
409 2053 473 2118 vina
501 2052 568 2117 filia
595 2053 690 2138 ipeiua
709 2054 866 2138 nonginti,
901 2075 973 2118 eam
995 2054 1175 2129 adamavit,

69 2161 168 2226 etin
198 2161 367 2245 coniugem
399 2159 456 2224 eibi
487 2161 576 2244 petiit
607 2170 638 2224 et
671 2160 807 2243 aceepit.
850 2161 970 2243 Nuptiis
1000 2161 1094 2244 igitur
1123 2181 1178 2225 oe·

39 2278 41 2286 ‘
71 2268 224 2344 lebraria,
248 2268 332 2334 idem
353 2287 408 2334 rer
439 2268 618 2332 Frieonibua
638 2267 805 2353 praedictio
825 2267 987 2352 regionem
1009 2266 1179 2353 aquilona·

44 2420 46 2423 v
72 2399 142 2442 rem
174 2377 361 2440 Britanniae
393 2375 435 2440 ad
455 2374 702 2458 inhabitandum,
720 2373 819 2441 dedit.
864 2374 928 2456 Qui
957 2374 1069 2442 exinde
1099 2393 1178 2440 oon·

74 2497 126 2550 tra
158 2485 272 2550 Scolon
302 2493 335 2548 et
366 2483 471 2548 Piotoa
491 2484 698 2568 navigantes.
729 2492 932 2548 nudaverunt
960 2484 1056 2548 etiam
1076 2481 1179 2550 Orea-

77 2595 134 2658 des
154 2593 288 2666 insutas,
321 2600 581 2676 occupanteeque
610 2591 715 2674 plures
746 2590 906 2676 regiones.
941 2589 1031 2656 ditati
1052 2603 1127 2656 eunt
1148 2603 1179 2657 et

75 2700 277 2786 multiplicati
307 2698 507 2764 vehementer
542 2697 646 2764 nimir.
701 2695 799 2777 Quod
830 2715 967 2761 oernena
1008 2699 1178 2773 Goeleon,

74 2809 306 2896 primogenitus
335 2806 510 2892 Voltigrani
541 2804 619 2890 regia
650 2823 690 2868 ex
710 2803 811 2887 prima
831 2822 950 2877 uxore.
973 2802 1106 2888 indigne
1127 2814 1180 2868 tu·

1 2957 2 2979 2
75 2919 136 2995 lit,
166 2927 199 2981 et
230 2925 344 2982 eontra
374 2914 558 3000 ttengiuum
589 2921 622 2978 et
652 2911 781 2978 fratrem
816 2910 897 2976 bella
918 2911 1109 2986 commorit,
1143 2913 1180 2978 in

74 3025 198 3113 quibua
227 3035 259 3090 et
289 3025 417 3088 fratrem
447 3021 587 3108 Heagiali
630 3041 703 3086 eum
744 3019 900 3106 plerisque
940 3020 1007 3083 aliia
1049 3019 1179 3086 oceidit.

78 3138 117 3202 ln
150 3135 288 3202 meundo
322 3143 428 3199 autem
460 3131 544 3198 bello
575 3132 671 3197 frater
703 3129 857 3194 Gorteniri
887 3129 1093 3215 interemptus
1122 3137 1179 3196 eal.

77 3247 123 3310 Iu
152 3245 244 3310 tertio
274 3231 349 3309 iero
380 3241 464 3306 bello
497 3240 561 3325 ipae
590 3237 735 3304 Gortenir
755 3237 886 3304 victoria
907 3237 1045 3322 potitur,
1078 3237 1180 3304 Friao·

75 3375 135 3422 uea
166 3375 207 3418 ex
236 3355 366 3438 regione
395 3348 595 3435 aquilonari.
629 3347 672 3411 eia
703 3354 834 3430 epatre
855 3365 912 3410 aro
932 3365 1106 3422 oonoeaea,
1129 3347 1180 3411 sn·

76 3467 185 3550 gavit,
214 3462 330 3526 multoe
362 3458 502 3532 oceidit,
534 3465 631 3540 atque
660 3453 829 3518 anavibus
848 3453 964 3518 eieetoa
994 3453 1176 3530 submersit,

76 3583 285 3656 caeterosque
315 3569 350 3632 in
382 3566 505 3631 Tbanet
535 3563 705 3630 eoaoluaoa
735 3559 868 3624 obrodit.
909 3559 972 3624 Sed
1003 3559 1092 3624 baud
1124 3561 1180 3626 diu

80 3689 154 3764 poet
182 3678 328 3744 Gortenir
359 3675 447 3740 obiit.
503 3673 577 3736 Poat
620 3670 709 3736 euius
747 3677 882 3738 mortem
913 3668 1078 3756 llengietue
1106 3690 1180 3735 enm

77 3807 201 3873 magna
229 3785 322 3851 turba
351 3784 514 3848 Friaonum
542 3781 656 3846 iterum
686 3779 760 3844 illue
781 3777 930 3855 advenit.
962 3787 993 3844 et
1013 3779 1180 3865 quomodo

78 3915 187 3983 regern
218 3913 366 3980 generum
398 3899 542 3975 caperet,
578 3898 674 3974 atque
701 3896 845 3951 caeteros
874 3886 1060 3952 Britanniae
1090 3888 1181 3971 prin·

75 4004 166 4088 cipes
195 4000 376 4076 oooideret,
404 3995 582 4063 machinari
613 3995 729 4080 coepit.
773 3993 851 4058 ttisit
882 4015 957 4080 ergo
988 3995 1106 4078 legatos
1137 3995 1181 4059 ad

77 4133 186 4198 regern
217 4112 253 4174 in
284 4109 384 4184 dolo,
415 4127 476 4191 pro
506 4123 588 4190 paee
621 4100 789 4176 facienda,
818 4100 909 4186 quod
940 4111 971 4165 et
1003 4101 1067 4188 regi
1107 4103 1181 4168 aim·

78 4221 155 4305 plici
199 4217 405 4303 complacuit.
460 4214 515 4278 Bie
556 4211 647 4297 igitur
690 4209 842 4292 aaaignala
882 4228 942 4292 pro
980 4231 1061 4295 paee
1098 4213 1181 4276 inter
