2916 5150
284 506 343 570 tltt
701 500 922 566 WOIlPIt'llI

283 725 341 781 lte
360 721 466 778 bello
488 719 592 776 inter
612 718 791 774 oomttern
809 716 1042 774 nonnullae
1061 713 1102 770 et
1119 713 1326 781 frisones,
1347 713 1390 768 et

458 811 507 866 tte
524 809 759 868 ntroeuloso
777 821 877 865 voce
896 811 938 865 tn
955 809 1048 864 aere
1066 806 1216 862 ondita.

751 999 838 1062 CAP.
862 997 917 1063 lV.

327 1219 451 1282 Mortuo
491 1213 656 1297 Arnulpho
700 1215 792 1277 tertio
833 1211 1021 1276 Hollendiee
1065 1211 1179 1275 comite
1211 1211 1312 1273 iaetus
1343 1219 1390 1272 est

286 1337 417 1412 quartus
449 1322 636 1388 llollendine
669 1341 775 1386 eomes
806 1319 1015 1384 Theodericus
1048 1318 1173 1392 tertius,
1206 1337 1294 1380 enno
1324 1317 1391 1380 Do-

285 1433 364 1498 mini
396 1430 578 1516 iquxxxxiii.
621 1429 689 1510 Qui·
714 1428 821 1492 volens
852 1427 959 1492 ulcisci
989 1447 1101 1490 necem
1133 1425 1231 1510 patris
1263 1425 1309 1486 sui
1332 1425 1393 1486 Ar-

285 1540 395 1624 nulphi
417 1537 458 1604 ab
480 1535 848 1603 occidentattbustristi·
869 1534 980 1610 occisi,
1004 1533 1084 1598 misit
1107 1534 1150 1597 ad
1167 1533 1391 1615 imperatorem

285 1649 476 1720 Henrioum,
509 1645 554 1706 uti
584 1643 640 1708 sibi
672 1644 819 1707 auxilium
850 1642 942 1706 ferret
973 1652 1084 1707 eontra
1116 1642 1269 1706 Frisones.
1312 1641 1392 1704 Misit

286 1775 362 1839 ergo
382 1753 554 1837 imperator
574 1754 689 1816 electos
709 1751 874 1815 bellatores
895 1750 1022 1824 comiti,
1043 1760 1073 1812 et
1094 1749 1178 1814 venit
1200 1749 1295 1812 etiem
1317 1769 1392 1812 cum

286 1862 329 1925 eis
349 1858 538 1926 Godeiridus
558 1857 623 1920 dux
644 1857 791 1921 Mosellae
812 1878 886 1922 oum
907 1857 1046 1922 exercitu
1066 1856 1149 1920 lorti.
1193 1855 1393 1941 Congregans

285 1971 380 2054 igitur
399 1987 524 2042 comes,
558 1985 648 2044 anno
671 1965 796 2028 Domini
816 1964 942 2040 mxviii,
976 1986 1015 2028 ex
1036 1964 1180 2029 omnibus
1200 1962 1393 2028 llollandiee

285 2086 316 2140 et
339 2073 509 2139 Zelendiae
529 2071 688 2158 portibus.
722 2074 806 2138 viros
827 2084 919 2158 aptos
939 2073 1038 2149 bello,
1074 2073 1207 2157 perrexit
1229 2073 1263 2135 in
1286 2074 1393 2137 West·

285 2185 423 2258 frisiam,
458 2194 489 2248 et
521 2183 589 2248 fixit
618 2204 691 2249 eum
713 2183 881 2250 omnisuo
901 2184 1037 2246 exercitu
1060 2181 1195 2245 tentoria
1218 2181 1251 2244 in
1275 2201 1395 2264 campo

285 2295 386 2379 pleno
407 2302 438 2356 et
460 2291 576 2375 amplo.
612 2289 668 2354 Cui
690 2299 893 2353 occurrentes
913 2290 1057 2354 Frisones
1077 2288 1189 2352 armati
1210 2297 1241 2351 et
1262 2288 1303 2350 ad
1326 2286 1395 2351 bel·

286 2403 351 2464 lum
372 2400 493 2484 parati,
518 2417 591 2461 cum
613 2403 788 2480 coepissent
808 2397 886 2461 inire
907 2403 1087 2470 certamen.
1110 2417 1186 2462 ecoe
1206 2417 1268 2460 vox
1289 2395 1395 2460 horri-

286 2509 356 2573 bilis
377 2504 485 2570 audita
507 2513 551 2566 est
572 2503 604 2566 in
626 2507 699 2566 atire
720 2502 850 2568 diceus:
894 2504 1018 2589 Fugite,
1042 2504 1153 2590 fugite,
1177 2503 1282 2586 sugite.
1321 2501 1393 2583 Qua

287 2636 366 2680 voce
397 2613 519 2679 comitis
550 2622 581 2676 et
611 2631 737 2675 suorum
769 2611 920 2676 exercitus
950 2612 1073 2676 territus
1105 2613 1248 2697 ingerunt
1279 2629 1395 2674 omnes

288 2745 306 2787 e
335 2742 461 2807 campo.
504 2721 592 2803 Quos
622 2721 824 2806 insequentes
854 2718 940 2782 Frisii
969 2720 1121 2783 maiorem
1150 2729 1272 2804 partem
1302 2739 1396 2782 exer·

288 2833 368 2896 citus
399 2828 607 2903 oeciderunt,
644 2849 684 2892 ao
717 2826 923 2891 Godet'ridum
957 2826 1072 2892 ducem
1094 2826 1239 2890 Mosellae
1259 2836 1394 2910 ceptum

287 2938 417 3004 vinculis
445 2935 717 3019 mancipaverunt.
761 2934 827 2997 Neo
857 2935 990 3019 amplius
1010 2957 1028 2999 a
1050 2936 1166 3000 eomite
1186 2937 1245 2999 isto
1267 2935 1396 3021 impug-

289 3045 357 3108 nati
389 3051 462 3105 sunt
495 3040 656 3120 Frisones3
691 3041 762 3104 lieet
794 3042 926 3107 cronica
958 3043 1116 3108 Leidensis
1137 3043 1223 3108 dicet
1243 3046 1395 3109 comitem

289 3151 433 3218 secundo
464 3149 606 3213 Frisonee
636 3149 836 3235 impugnasse
856 3160 886 3213 et
906 3151 1058 3236 praedam
1082 3150 1250 3216 abstulisse.
1294 3153 1397 3216 loan-

289 3283 347 3326 nes
377 3271 482 3325 tamen
513 3258 555 3323 de
576 3258 686 3334 Delta,
718 3258 850 3344 diligens
870 3259 1005 3342 scriptor
1026 3270 1183 3344 gestorum
1204 3259 1395 3323 llollandiee

290 3369 441 3435 comitum
472 3387 542 3431 non
564 3366 728 3444 meminit,
760 3376 790 3430 et
811 3387 886 3452 ergo
908 3367 1037 3432 minime
1057 3368 1263 3434 eredendum.
1305 3365 1393 3430 Obiit

289 3585 448 3661 Ianuarii,
484 3585 517 3648 in
551 3583 712 3669 Egmondt
734 3583 880 3667 sepultus,
924 3583 1004 3647 Huic
1025 3583 1169 3648 suecessit
1190 3583 1273 3646 filius
1292 3583 1394 3647 Theo·

289 3691 414 3756 derious
445 3700 594 3776 quartus,
628 3700 658 3752 et
692 3691 823 3774 quintus
852 3708 958 3752 comes
981 3690 1186 3768 Hollendiae,
1219 3711 1293 3755 oum
1327 3709 1396 3774 quo

288 3798 433 3862 Frisones
452 3817 563 3882 pacem
584 3795 776 3860 hebuemut.
808 3795 920 3860 Comes
940 3797 996 3862 iste
1017 3798 1139 3862 occisus
1158 3799 1193 3861 in
1217 3797 1394 3872 Dordram.

290 3927 383 3972 anno
412 3904 538 3970 Domini
567 3905 751 3977 mxxxxviii.
787 3903 889 3968 idibus
906 3905 1015 3983 ttaii,
1055 3927 1116 3971 neo
1148 3926 1300 3984 uxorem,
1333 3927 1396 3970 neo

288 4017 409 4099 prolem
449 4011 594 4108 habuit..
619 4011 769 4076 Henricus
800 4011 890 4077 huius
919 4014 1055 4078 nominis
1087 4016 1192 4080 tertius
1223 4016 1398 4101 imperator

290 4123 426 4185 eontulit
459 4119 644 4205 Bernulpho
676 4121 823 4186 vicesimo
854 4123 1005 4209 episeopo
1026 4124 1215 4190 Traiectensi
1237 4124 1397 4190 civitatem

289 4229 496 4305 Deventrioe,
533 4248 621 4294 enno
654 4229 780 4293 Domini
804 4233 957 4298 mxxxxvi.
1005 4232 1093 4297 ldem
1115 4233 1286 4317 imperator
1307 4231 1397 4296 dedit
