2916 5150
282 512 344 577 100
704 511 925 580 WORPERI

165 660 167 664 ⁵
280 691 330 766 tyr
362 681 417 746 Ilei
447 680 575 755 viribus,
609 678 724 765 quibus
752 691 898 765 poterat,
941 699 983 742 ne
1014 677 1137 763 sanguis
1168 686 1200 739 et
1231 675 1387 739 intestine

280 789 466 866 effluerent,
501 791 632 854 vulnera
665 789 838 862 restrinxit,
874 797 969 873 atque
990 781 1199 850 hominicidas
1219 783 1310 859 illos,
1347 802 1390 847 ne

232 949 235 953 -
281 896 627 982 comprehenderentur
657 917 730 962 cum
763 897 959 961 testinatione
980 895 1066 960 ahire
1085 892 1261 979 praecepit.
1306 890 1393 972 Qui·

278 1006 338 1070 bus
368 1005 516 1071 velociter
535 1002 741 1078 abeuntibus,
776 1003 871 1068 adse
891 1025 983 1068 suum
1002 1003 1128 1068 vocavit
1149 1000 1318 1075 clericum,
1355 1009 1390 1063 et

279 1115 363 1178 iussit
393 1113 436 1177 ad
468 1111 655 1188 ridendum,
689 1113 715 1174 si
744 1113 849 1176 nuntii
883 1111 1034 1178 Rhenum
1067 1111 1269 1182 transissent,
1292 1129 1390 1192 super

150 1239 155 1246 ·
279 1242 388 1286 muros
420 1218 623 1286 adscendere.
668 1220 765 1302 Quod
796 1222 868 1296 itta.
902 1232 937 1285 ut
968 1221 1066 1284 iussus
1097 1219 1218 1291 luerat,
1251 1217 1390 1300 implens

280 1350 419 1395 reversus
450 1327 549 1405 dixit,
581 1349 636 1394 eos
656 1329 721 1394 iam
742 1327 891 1394 Rhenum
912 1328 1077 1408 transisse,
1112 1338 1144 1392 et
1164 1324 1256 1412 quasi
1276 1324 1387 1411 lugam

280 1446 451 1503 maturare.
493 1436 585 1501 Tunc
614 1445 743 1500 sanutus
772 1435 849 1502 dixit
880 1436 1064 1521 episcopus:
1108 1435 1275 1499 Percussus
1296 1453 1387 1508 sum,

280 1546 326 1610 fili
346 1545 407 1623 mi3
432 1544 555 1608 advoca
577 1545 687 1608 lratres
706 1553 738 1607 et
759 1541 987 1608 commilitones
1007 1562 1107 1622 meos3
1129 1562 1212 1606 voco
1231 1541 1390 1626 populum

280 1652 357 1726 Dei,
392 1663 427 1716 ut
459 1651 571 1717 reddat
592 1673 662 1725 me,
696 1651 783 1715 unde
803 1670 939 1736 egressus
959 1671 1045 1724 sum,
1078 1659 1182 1715 terrae
1202 1659 1386 1728 terrenum,

281 1772 313 1824 et
342 1769 432 1835 oret,
467 1769 501 1824 ut
522 1761 645 1844 spiritus
666 1779 753 1822 meus
773 1758 925 1843 dirigatur
944 1757 985 1821 ad
1008 1758 1195 1837 Dominum,
1216 1779 1277 1842 pro
1299 1759 1392 1823 cuius

280 1871 349 1951 lege
369 1879 401 1932 et
433 1887 541 1932 amore
561 1866 688 1951 sanguis
707 1887 795 1930 meus
815 1865 901 1928 lusus
921 1876 966 1930 est
988 1864 1091 1933 hodie.
1136 1867 1233 1948 Quod
1253 1867 1391 1932 audieus

280 1977 383 2040 clerus
411 1986 442 2039 et
473 1975 577 2039 omnis
605 1973 743 2058 populus
773 1973 855 2038 flens
883 1983 914 2037 et
947 1973 1065 2038 eiulans
1095 1977 1233 2040 accurrit
1253 1974 1390 2040 dicens:

281 2083 346 2149 Cur
388 2103 449 2148 nos
488 2093 578 2168 pater
619 2081 782 2167 orphanos
821 2081 1032 2166 derelinquis?
1085 2081 1206 2165 Quibus
1237 2083 1392 2168 gloriosus

281 2201 401 2278 martyr
431 2191 612 2258 lacrimatus
642 2189 870 2276 prophetando
902 2189 999 2256 dixit:
1042 2190 1164 2256 Fratres
1196 2193 1258 2258 mei
1280 2203 1311 2256 et
1331 2194 1391 2257 filii

282 2304 342 2366 mei
373 2301 542 2378 carissimi,
577 2300 602 2362 si
631 2319 697 2386 qua
726 2319 800 2382 pars
820 2299 894 2363 mihi
914 2310 960 2364 est
980 2319 1054 2364 cum
1074 2300 1194 2364 sanctis
1212 2301 1248 2364 in
1261 2301 1389 2378 coelis,

281 2430 353 2474 non
374 2429 431 2472 vos
450 2406 610 2472 desolatos
629 2407 825 2492 relinquam,
845 2407 901 2472 sed
923 2417 1042 2473 restrae
1062 2428 1184 2493 semper
1204 2409 1394 2476 intercessor

282 2537 338 2583 ero
368 2514 485 2582 saturis.
541 2513 692 2579 Attamen
732 2515 862 2591 scitote.
908 2517 998 2601 quod
1029 2527 1160 2602 propter
1189 2517 1394 2603 imperatoris

282 2643 420 2710 suaeque
441 2622 586 2708 coniugis
606 2621 799 2707 nequitiam,
835 2632 937 2688 toturn
958 2622 1000 2688 ab
1020 2624 1201 2691 incursione
1222 2626 1394 2692 Danorum

282 2731 526 2819 depopulabitur
558 2751 701 2816 regnum.
744 2732 818 2813 Quo
840 2732 890 2798 rix
910 2732 997 2798 dioto
1019 2735 1125 2800 vivens
1155 2734 1394 2821 sarcophagum

282 2843 431 2918 intrarit,
453 2850 554 2925 atque
575 2836 785 2923 psalmodias,
808 2861 893 2925 quae
913 2842 1016 2907 solent
1037 2843 1070 2906 in
1092 2842 1242 2929 exsequiis
1262 2846 1395 2908 cantari

279 2960 498 3020 mortuorum,
531 2946 596 3030 ipse
623 2947 757 3029 primum
787 2947 901 3032 incipit
922 2950 1045 3015 dicens=
1089 2951 1228 3017 Placeho
1248 2951 1395 3018 Domino

282 3057 318 3120 in
349 3051 480 3140 regione
508 3050 660 3117 virorum.
704 3050 824 3116 Deinde
855 3052 943 3120 hunc
973 3077 1124 3142 persaepe
1155 3070 1298 3144 repetens
1321 3083 1394 3128 rer.

281 3180 372 3226 sum:
415 3161 455 3224 ln
487 3179 599 3224 manus
626 3171 696 3224 tuas
716 3163 911 3227 commendo
931 3163 1072 3248 spiritum
1093 3185 1211 3244 meum,
1244 3169 1393 3253 spiritum

282 3267 351 3334 Deo
380 3267 528 3333 reddidit.
570 3268 651 3331 Dum
689 3289 765 3334 vero
804 3291 920 3355 corpus
960 3272 1026 3336 eius
1057 3282 1157 3340 terrae
1189 3277 1389 3353 traderetur,

283 3375 353 3444 miri
385 3376 493 3442 odoris
521 3376 691 3462 fragrantia
722 3386 791 3442 tota
823 3380 942 3463 repleta
973 3390 1019 3444 est
1039 3383 1192 3459 ecclesie,
1225 3393 1262 3448 ut
1284 3387 1394 3451 omnis

283 3505 430 3571 praesens
461 3483 553 3549 turha
584 3485 748 3570 perspicue
780 3487 954 3573 angelicum
986 3490 1113 3556 sentiret
1144 3490 1251 3558 adesse
1284 3503 1393 3558 ceter·

282 3615 367 3660 vam.
417 3592 548 3658 lloritur
580 3603 685 3658 autem
717 3615 809 3660 anno
838 3596 967 3660 Domini
998 3598 1196 3677 viiifxaxviii,
1231 3599 1302 3665 xviii
1334 3599 1395 3665 die

283 3702 396 3766 mensis
426 3701 507 3764 Iulii.
549 3699 607 3765 Cui
636 3702 671 3764 in
701 3703 889 3787 episcopatu⁴
915 3704 1105 3771 Treiectensi
1125 3710 1272 3775 successit
1294 3710 1395 3776 Allri·

284 3829 360 3883 cus,
393 3808 489 3872 lrater
520 3809 658 3874 carnalis
693 3813 797 3876 suncti
827 3811 981 3879 Frederici
1012 3815 1151 3900 episcopi
1183 3827 1215 3882 et
1244 3822 1397 3906 martyris

283 3915 488 4002 praescripti,
523 3915 609 3980 Friso
641 3917 756 3982 nobilis
786 3919 827 3984 de
847 3930 952 3986 castro
972 3921 1110 4000 Melan,
1146 3925 1192 3992 vir
1212 3937 1338 3993 sanctus
1360 3939 1397 3994 et

284 4026 400 4092 honus.
444 4026 505 4109 Qui
538 4025 617 4091 obiit
649 4047 741 4092 anno
772 4029 897 4095 Domini
930 4030 1077 4118 riiifxlvi,
1120 4032 1170 4098 die
1201 4056 1242 4101 xv
1275 4038 1399 4102 mensis

285 4130 471 4199 Decembris.
514 4134 612 4200 liuius
641 4135 743 4201 sancti
771 4137 911 4224 episcopi
932 4148 1073 4226 tempore
1092 4142 1281 4228 inceperunt
1301 4146 1399 4211 cala·

285 4237 409 4306 mitates
440 4245 474 4306 ln
507 4243 626 4320 Gallia,
661 4245 827 4310 Germania
862 4257 893 4311 et
925 4246 1037 4325 Frisia,
1073 4271 1128 4334 per
1160 4252 1326 4320 Danorum
1362 4265 1398 4319 et
