2950 5144
469 419 472 424 Δ
508 471 757 541 canonicor.
970 434 971 442 Ν
1148 481 1186 546 n

75 637 170 702 cessit
200 635 382 700 habendas.
425 637 489 702 Pro
522 660 588 725 qua
609 661 644 704 rs
662 642 759 726 ipsim
779 643 886 710 anima
907 654 979 729 post
1001 655 1135 710 mortem
1155 646 1192 710 in

74 743 239 829 mpplioiis
260 743 379 808 inferni
399 764 418 808 o
439 754 555 810 sancto
567 747 726 813 Eucherio
744 749 961 826 siveEuterio.
974 752 1192 818 Aurelisncnsi

73 853 253 938 episcopo,
275 851 341 916 visa
362 861 407 916 eet
427 852 573 920 detineri.
615 855 736 921 Pacato
758 857 888 922 tandem
910 879 950 924 ao
971 879 1072 945 regno
1093 860 1193 924 Frao-

74 981 191 1027 eorum
213 959 358 1034 dilatato,
374 959 452 1024 obiit
462 962 729 1027 victoriosissimus
748 964 913 1050 princeps.
927 986 1106 1052 corpusque
1125 969 1191 1032 eius

73 1070 110 1132 in
132 1066 269 1134 ecclesia
291 1067 395 1131 sancti
416 1067 543 1132 Dionisii
563 1069 719 1154 sepelitur.
762 1071 803 1134 lo
824 1073 914 1136 cuius
931 1072 1098 1158 sepulchro
1118 1085 1190 1159 post

73 1177 202 1262 aliquot
234 1192 362 1246 annos,
402 1193 469 1238 non
501 1195 636 1260 corpus.
669 1177 725 1242 aed
756 1178 869 1262 ingens
899 1182 1009 1246 vermis
1040 1183 1191 1247 inventus

72 1295 133 1350 est.
164 1285 207 1348 Et
226 1280 408 1346 notandum
429 1281 519 1366 quod
539 1283 633 1346 solius
654 1283 743 1348 huius
764 1284 869 1350 Caroli
890 1287 1019 1352 Martelli
1040 1298 1071 1352 et
1092 1289 1190 1371 patris

74 1393 147 1456 sius
168 1390 294 1474 Pippini
314 1389 356 1452 de
388 1389 544 1452 llarstallo
576 1390 684 1456 labore
705 1401 735 1454 et
765 1390 938 1484 industria,
971 1403 1044 1476 post
1065 1394 1185 1470 Deum

71 1508 289 1582 compertum
310 1494 485 1570 bellando.
517 1505 585 1560 tum
616 1497 851 1581 praedicatores
880 1500 1058 1574 mittendo,
1092 1501 1187 1566 Frisia

70 1608 114 1672 ad
138 1605 299 1672 Christum
319 1623 474 1670 conversa
496 1614 551 1668 est.

114 1714 201 1778 Huic
234 1713 352 1778 Carolo
382 1712 524 1776 Martello
546 1713 692 1778 successit
712 1713 793 1776 filius
813 1713 879 1776 eius
899 1714 1073 1799 lippinus,
1108 1735 1188 1802 cog·

71 1830 233 1888 nomento
262 1830 395 1905 propter
426 1827 562 1884 staturae
593 1820 792 1904 pusillitatem
822 1841 925 1886 uenus
956 1824 1019 1888 sive
1049 1844 1188 1908 parvus,

70 1942 102 1998 et
123 1932 234 1995 foetus
254 1939 301 1994 eat
321 1929 453 2013 quintus
473 1927 538 1992 dux
560 1926 762 1994 Brabaatiae.
807 1930 870 2010 Qui
890 1951 964 1994 eum
984 1942 1063 1996 esset
1085 1933 1188 2026 maior
1247 1918 1251 1926 ¹

69 2039 193 2104 domus
233 2036 315 2120 regis
345 2035 512 2109 Franciae.
558 2044 590 2098 et
623 2035 795 2099 Hildericus
827 2036 1023 2102 Francorum
1056 2060 1110 2104 rex
1139 2041 1187 2105 vir

67 2155 150 2212 esset
185 2144 330 2208 remissus
357 2152 388 2206 et
409 2141 541 2218 inutilis,
577 2139 718 2224 nihilque
739 2142 823 2226 regia
844 2142 1032 2207 orblimitote
1051 2145 1185 2230 dignum

65 2263 200 2339 praeter
231 2250 313 2334 regis
342 2269 461 2314 nomen
482 2248 662 2332 possidens,
696 2248 778 2313 misit
799 2247 949 2332 Pippioos
969 2251 1119 2336 princeps
1139 2254 1185 2318 le·

68 2372 165 2448 gatos
190 2359 233 2422 ad
256 2357 443 2424 Zachariam
464 2376 583 2442 papam
604 2356 792 2430 consulens,
825 2357 896 2442 quis
917 2358 1023 2440 potius
1044 2380 1097 2424 rex
1118 2382 1184 2426 esse

67 2469 222 2541 deberet.
259 2467 316 2551 qui
346 2484 481 2552 magnos
512 2485 572 2550 pro
605 2466 694 2550 regni
724 2484 807 2548 pace
839 2464 962 2530 labores
994 2469 1177 2544 sustineret,

70 2599 117 2643 an
139 2577 197 2660 qui
220 2575 289 2638 otio
310 2572 434 2636 deditos
454 2573 523 2636 solo
544 2571 630 2655 regio
652 2579 823 2634 contentus
844 2581 920 2636 esset
942 2574 1080 2638 nomine.
1124 2576 1180 2642 Cui

67 2705 159 2772 popa
193 2679 415 2754 remandavit,
449 2680 535 2742 illum
567 2676 684 2742 debere
715 2697 819 2760 regem
841 2680 1012 2761 appellari.
1045 2683 1101 2766 qni
1121 2703 1180 2747 au·

67 2801 159 2880 geret
181 2789 421 2873 rempublicam.
465 2785 537 2866 Qua
566 2784 774 2868 responsione
794 2785 925 2848 animati
946 2785 1079 2861 Franci.
1113 2790 1179 2852 Hil-

66 2902 186 2968 derico
215 2919 288 2983 rege
319 2897 355 2958 in
382 2894 576 2959 monasterio
596 2902 717 2958 retruso
737 2904 769 2957 et
790 2903 976 2971 tonsurato,
1010 2896 1178 2980 Pippinum

66 3009 242 3092 elegerunt·
271 3023 363 3068 anno
386 3003 513 3106 liqmini
544 3001 611 3066 viicl
645 3005 729 3084 (post
761 3020 867 3066 nonos
899 3003 1023 3068 circiter
1054 3005 1176 3070 lxxxviii

65 3126 247 3202 postquam
277 3112 413 3176 maiores
444 3111 559 3174 domus
589 3121 765 3193 coeperunt
784 3111 959 3196 principari
979 3133 1071 3199 super
1090 3135 1178 3200 reges

65 3222 309 3304 Francorum),
343 3230 374 3284 et
405 3219 593 3284 auctoritate
623 3217 798 3302 apostolico
819 3239 839 3282 a
861 3219 1026 3286 Bonilacio
1056 3223 1176 3289 archis·

64 3332 207 3419 piscopo
230 3328 412 3412 lloguutiae
431 3327 466 3390 io
488 3346 592 3412 regem
613 3326 742 3410 ungitur
760 3336 791 3390 ct
813 3338 1031 3393 consecretur.
1071 3333 1176 3417 Atque

66 3462 87 3505 a
121 3436 293 3522 Stephano
324 3455 411 3520 papa
432 3434 496 3498 eius
516 3433 676 3519 generatio
697 3454 754 3517 per
773 3435 854 3498 filios
874 3456 946 3498 suos
966 3436 1175 3503 Caroloman·

66 3569 150 3614 num
182 3556 214 3610 st
247 3544 394 3610 Carolum
427 3543 462 3606 in
483 3540 708 3606 haereditatem
728 3541 839 3624 regalis
859 3542 1062 3606 mocessionis
1081 3543 1176 3610 bene.

67 3656 206 3733 dicitur;
240 3652 447 3737 regnavitque
477 3647 632 3733 Pippious
662 3646 756 3710 annis
787 3647 868 3712 xviii.
912 3649 969 3713 llic
991 3650 1176 3737 Longobar.

65 3765 133 3830 dos
163 3762 334 3828 Romanos
362 3758 546 3822 inlectantes
578 3776 652 3821 cum
684 3775 743 3818 suo
773 3777 845 3841 rege
865 3757 1058 3843 Haystulpho
1080 3761 1174 3836 vicit,

64 3882 98 3938 et
129 3870 175 3936 ed
205 3878 323 3934 nutum
354 3885 445 3930 nrum
473 3883 548 3929 cum
580 3863 735 3927 Romanis
753 3885 807 3928 eos
826 3885 940 3948 pacem
960 3867 1065 3932 lacere
1085 3889 1175 3934 oom-

63 3981 158 4066 pulit.
205 3978 350 4042 Saxones
382 3991 512 4058 quoque
533 3979 605 4053 post
626 3971 756 4035 multam
776 3981 911 4056 stragem
930 3972 988 4037 sibi
1007 3972 1175 4040 subiiciens

64 4087 255 4154 tributarios
280 4084 368 4150 feeit.
410 4079 554 4145 Tandem
583 4087 654 4162 post
684 4079 783 4143 multa
814 4081 932 4162 proelio
951 4080 1079 4146 feliciter
1100 4105 1174 4170 per.

1 4259 3 4264 ,
64 4207 215 4282 peltata,
253 4192 404 4276 Pippinus
435 4189 490 4254 ists
522 4209 560 4254 ex
591 4185 700 4270 regalis
720 4186 811 4251 aulae
831 4187 993 4270 praelecto
1014 4190 1047 4255 io
1070 4213 1174 4280 regem
