2916 5150
488 502 734 573 eutrotttcott.
1097 511 1156 578 tta

79 669 161 734 eidem
191 668 339 753 episcopo
371 669 520 734 Trentam
549 691 624 736 cum
656 673 799 738 omnibus
825 675 886 738 suis
907 675 1104 760 appendiciis
1123 689 1154 742 et

77 776 221 841 lructnbus
239 787 392 862 perpetuo
412 778 635 863 possidendam
657 801 744 844 nuno
766 783 890 848 Domini
910 785 1087 860 clxxxxvii,
1122 787 1154 850 xi

77 884 210 949 calendas
241 885 333 950 lunii.
376 884 466 950 ldem
496 887 666 971 imperator
696 889 783 954 dedit
812 889 913 954 eidem
942 892 1092 977 episcopo
1121 904 1153 958 et

77 992 206 1058 ecclesiae
225 993 415 1060 Treiectensi
436 995 591 1061 civitatem
613 994 807 1082 Groningen.

87 1470 336 1532 ttcetdentstts
351 1475 479 1534 tarnis
495 1490 568 1548 per
584 1478 817 1537 &odfridum
836 1478 974 1534 duee-
990 1477 1133 1535 hom·

126 1566 272 1636 rufine
291 1567 333 1624 et
353 1567 599 1629 wilhelmum
617 1573 841 1642 episcopus
859 1571 1082 1630 haecten-

423 1674 504 1720 ιοι
521 1663 684 1722 subacta
701 1665 776 1721 est.

532 1862 620 1930 ClP.
644 1863 682 1934 V.

102 2077 266 2142 Florentius
295 2088 396 2141 sextus
427 2098 532 2142 comes
562 2079 750 2163 llollandine
782 2081 871 2145 lintri
901 2082 1050 2148 defuncto
1079 2105 1152 2149 suc·

69 2184 151 2249 cessi.
190 2185 227 2248 tn
263 2183 437 2248 secundum
469 2183 627 2248 Ioannem
656 2184 697 2248 de
726 2185 814 2250 Delta
836 2186 892 2249 luit
914 2188 1036 2252 vivente
1055 2189 1152 2255 irotre

68 2309 114 2354 stro
139 2292 333 2358 Theoderico
365 2312 471 2357 comes
502 2292 615 2356 Frisia'e
642 2293 801 2358 orientalis
832 2294 927 2358 annis
946 2295 1009 2358 xxii
1029 2305 1060 2360 et
1080 2307 1152 2380 post

67 2410 182 2464 mortem
200 2401 308 2464 fratris
327 2401 373 2463 sui
394 2399 526 2483 praefuit
548 2401 735 2466 llollandiae
756 2401 849 2465 annis
868 2401 942 2468 xiiii.
985 2402 1047 2484 Qui
1068 2422 1152 2467 anno

68 2506 177 2572 Domini
206 2509 293 2572 mlxii
325 2508 445 2572 occisus
466 2519 510 2570 est
533 2510 565 2600 in
589 2509 715 2572 Hamert
738 2510 779 2572 ab
800 2512 951 2594 episcopo
972 2509 1151 2576 Coloniensi

67 2624 92 2676 et
119 2617 253 2702 Egberto
285 2617 469 2682 marchione
491 2615 801 2698 Brandenburgenri.
845 2616 969 2680 Mortuo
992 2617 1151 2684 Florentio

67 2726 165 2788 comite
186 2745 269 2788 uror
290 2725 354 2788 eius
375 2724 480 2808 nupsit
502 2721 645 2786 Roberto
665 2721 733 2784 filio
753 2721 875 2783 comitis
897 2721 1071 2787 Flandrice.
1113 2728 1150 2790 tn

65 2827 111 2893 iste
128 2852 230 2896 comes
245 2831 402 2895 Robertus
422 2831 525 2894 dictus
544 2838 589 2892 est
610 2827 767 2892 Dobertus
789 2825 949 2901 dieFries,
971 2849 1038 2890 non
1061 2833 1150 2913 quod

11 3009 12 3018 ἵ
66 2940 178 3004 natione
195 2949 270 3004 erat
282 2939 381 3012 Friso,
408 2937 462 3001 sed
475 2936 662 3019 (secundum
684 2936 844 3000 cronicam
858 2936 1060 3020 llollandiae)
1073 2939 1149 3023 quis

11 3109 12 3138 ¹
67 3055 234 3113 tantseernt
253 3047 447 3111 audaciaeet
469 3046 661 3109 fortitudinis
681 3058 711 3108 et
734 3056 798 3106 tam
819 3065 970 3128 procerae
991 3055 1147 3118 staturae,

64 3157 182 3236 perinde
202 3178 243 3220 ac
266 3155 290 3216 si
311 3154 396 3216 Friso
419 3153 531 3216 sitisset.
574 3151 693 3216 Contra
716 3151 802 3214 hunc
824 3150 1000 3215 Robertnm
1021 3153 1150 3216 surrexit

11 3241 12 3274 ;
65 3259 235 3328 Willrelmus
246 3261 407 3326 vicesimus
415 3261 533 3344 primus
543 3259 708 3343 episcopus
716 3257 916 3324 Traiectensis
930 3281 1016 3324 anno
1028 3262 1149 3327 Domini

63 3370 151 3446 mlxxi,
172 3382 202 3434 et
225 3369 343 3433 auxilio
364 3367 507 3432 Godlridi
527 3365 668 3452 gibbosi,
692 3366 782 3431 ducis
803 3365 1042 3452 lothoringiae,
1065 3369 1149 3433 bello

64 3480 165 3541 rictum
197 3477 385 3562 expulerunt
417 3495 489 3538 eum
509 3477 550 3537 'et
583 3493 713 3536 uxorem
743 3473 826 3546 eius,
860 3473 1006 3556 filiosque
1027 3477 1149 3538 comitis

62 3582 215 3661 Florentii,
249 3595 281 3646 et
310 3584 385 3646 rexit
417 3580 604 3646 Godelridus
636 3577 839 3641 llollcndiam
871 3579 963 3642 annis
992 3580 1147 3664 quinque.

60 3689 169 3758 Deinde
180 3712 275 3757 snno
286 3690 408 3754 Domini
418 3689 522 3752 mlxxii
532 3687 595 3751 dux
607 3686 663 3749 iste
674 3683 861 3762 Godl'ridus,
875 3685 982 3750 volens
995 3688 1053 3751 sibi
1073 3688 1148 3752 sub·

59 3797 155 3883 iugare
174 3801 334 3873 Frisones,
356 3795 469 3860 invasit
490 3794 594 3860 valido
614 3793 743 3876 stipatus
763 3793 901 3856 exercitu
921 3791 1143 3870 Westlrisiam.

58 3915 84 3968 et
113 3907 279 3972 commisso
310 3904 431 3990 proelio
464 3902 548 3966 vicit.
592 3902 659 3963 Dur
681 3900 793 3984 iugatis
814 3900 933 3976 Frisiis,
967 3922 1148 3986 magnaque

58 4011 186 4080 abducta
217 4014 336 4099 praeda
357 4009 544 4075 Alcmnriam
567 4008 715 4093 ingressus
736 4017 790 4072 cst.
835 4009 942 4072 Denuo
963 4011 1147 4092 congregati

56 4118 190 4187 lirisones
222 4141 339 4205 magna
371 4139 445 4184 cum
466 4116 606 4202 potentia
627 4115 816 4179 Alcmariam
838 4136 953 4180 novem
974 4115 1149 4183 hebdoma-

57 4226 139 4292 dibus
160 4229 363 4296 obsederunt.
408 4226 485 4289 Misit
506 4244 581 4308 ergo
602 4222 666 4286 dux
689 4222 771 4286 clam
792 4221 939 4286 nuntium
962 4245 1034 4290 cum
1055 4225 1147 4290 literis
