2916 5150
500 521 748 587 cttttotttcott.
1134 527 1176 590 99

63 691 139 752 tium
184 687 362 763 commisit,
396 688 451 752 sed
488 689 616 752 minime
656 689 842 774 praevaluit.
895 689 1036 754 Tandem
1077 691 1177 756 victus

62 799 240 882 imperator
268 795 348 860 hosti
383 797 492 870 cessit,
529 795 673 882 dansque
692 798 874 862 innumeras
894 799 1043 882 pecunias
1063 817 1177 884 pacem

62 905 173 990 petivit
205 914 237 968 et
269 904 458 988 impetravit.
501 905 554 970 Sic
584 903 732 970 omnibus
752 906 912 980 innotuit,
945 908 1024 992 regia
1043 915 1076 970 et
1096 907 1178 994 regi·

63 1033 127 1076 nae
160 1012 251 1075 iuxta
282 1010 484 1096 prophetiam
516 1012 619 1077 sancti
650 1012 806 1077 Frederici
836 1033 900 1077 esee
933 1013 1073 1078 illicitum
1103 1025 1135 1080 et
1156 1035 1177 1078 a

63 1119 130 1182 Dec
170 1117 379 1202 reprobatum
413 1119 616 1204 coniugium,
657 1130 688 1184 et
720 1121 923 1184 nibilominus
953 1122 986 1184 in
1017 1143 1073 1186 sua
1105 1143 1178 1208 per·

63 1238 252 1291 manserunt
283 1229 412 1294 malitia.
459 1229 547 1295 Tunc
580 1250 716 1296 cernam
748 1241 874 1296 sanetus
895 1231 1077 1298 Fredericus
1097 1234 1178 1318 epis-

64 1355 168 1420 copus
201 1356 260 1400 cor
290 1338 370 1424 regis
391 1336 593 1413 induratum,
626 1339 991 1404 excommunicationem
1014 1341 1095 1426 regi,
1119 1342 1178 1406 nisi

64 1444 266 1528 poenitentia
298 1456 372 1510 aeta
403 1465 436 1508 se
466 1444 666 1519 emendaret,
705 1465 762 1530 per
781 1446 946 1531 epistolam
967 1447 1102 1511 minatus
1122 1457 1178 1513 eat.

65 1551 275 1637 Quapropter
325 1553 423 1617 iratus
464 1562 580 1618 contra
629 1564 776 1619 sanetum
818 1556 1023 1640 episcopum,
1070 1557 1178 1621 relicta

64 1682 166 1726 uxore
187 1665 277 1726 iuxta
298 1661 468 1738 Rhenum,
494 1683 548 1726 rex
569 1663 748 1729 Ludoricue
768 1664 937 1730 Franciam
959 1664 1046 1732 adiit.
1077 1665 1117 1728 tt
1130 1685 1178 1729 re-

64 1771 142 1856 gina
166 1769 293 1845 Iudith,
309 1769 421 1836 videns
436 1772 621 1856 episcopum
641 1793 703 1838 nec
722 1773 824 1857 pretio
845 1792 908 1838 nee
927 1772 1074 1858 precibus
1093 1772 1178 1838 flecti

64 1899 179 1962 posse,
224 1899 341 1964 magna
381 1879 533 1962 promissa
578 1879 724 1944 mercede
758 1879 913 1945 conduxit
941 1879 1021 1944 duos
1052 1881 1179 1944 iuvenes

63 1985 222 2074 superbos
243 1996 274 2051 et
297 1987 451 2072 cupidos,
474 1989 530 2073 qui
551 1999 701 2054 sanctum
719 1991 905 2074 episcopum
927 1990 1156 2054 interficerent.

104 2097 174 2178 Qui
196 2098 328 2184 mmptis
347 2117 455 2161 seeum
476 2096 608 2161 cultellis
628 2099 664 2160 in
685 2097 816 2162 manicis
835 2096 1012 2161 Traiectum
1035 2096 1176 2173 adeunt,

64 2214 94 2267 et
116 2225 160 2268 ex
181 2207 273 2288 parte
294 2203 419 2288 reginae
442 2224 515 2268 carm
535 2204 687 2288 episcopo
708 2203 949 2288 postulaverunt
971 2201 1177 2287 colloquium.

64 2314 140 2378 Hoc
172 2313 252 2375 dum
286 2312 328 2375 illi
350 2312 537 2376 admissam
559 2310 783 2377 celebrandam
804 2331 837 2376 se
855 2309 1058 2396 praeparanti
1079 2331 1097 2374 a
1119 2311 1180 2374 suis

64 2430 146 2513 esset
180 2419 384 2496 nuntiatum,
409 2421 452 2484 ad
482 2421 721 2484 cirmrmstantes
742 2419 839 2484 dixit:
882 2419 968 2502 Quid
1000 2419 1047 2483 isti
1068 2417 1179 2485 volunt

64 2531 156 2604 scio,
181 2528 237 2594 sed
258 2538 295 2591 ut
316 2536 517 2612 exspectant,
542 2527 646 2592 donec
668 2529 760 2592 missa
778 2527 820 2590 dt
840 2538 982 2612 peracta,
1004 2527 1178 2612 praecipio.

65 2638 194 2703 Deinde
225 2636 352 2699 missam
383 2635 498 2700 devote
519 2634 706 2710 celebrans,
740 2645 811 2719 poet
832 2636 1002 2699 lectionem
1024 2637 1179 2720 evangeli-

64 2767 140 2812 cam
171 2764 352 2810 sermonem
383 2744 456 2810 iacit
486 2744 529 2810 ad
557 2744 732 2829 populana,
767 2744 802 2806 in
835 2762 901 2827 quo
934 2740 1055 2804 obitum
1087 2763 1178 2805 suum

65 2853 299 2941 aenigmatice,
324 2873 366 2917 ne
398 2853 553 2939 populus,
587 2853 643 2938 qui
665 2852 750 2916 illum
772 2849 942 2938 diligebat,
976 2849 1176 2935 intelligeret,

64 2960 244 3046 praedixit,
280 2959 459 3046 eodemque
488 2960 541 3025 die
569 2960 674 3025 cibum
705 2968 892 3045 perpetuum
913 2979 944 3022 se
966 2977 1039 3021 cum
1061 2955 1179 3021 sanctis

65 3069 101 3133 in
133 3089 237 3154 regno
267 3069 430 3133 coelorum
462 3089 526 3134 esse
547 3077 764 3152 accepturum.
807 3066 973 3132 Sacrificio
995 3075 1099 3130 autem
1121 3064 1178 3128 rite

64 3177 254 3256 celebrato,
286 3177 412 3241 vestitus
439 3187 473 3240 ut
495 3185 563 3244 erat
584 3176 709 3241 intrarit
727 3176 902 3240 ¹sacrarium
922 3173 1024 3238 sancti
1045 3173 1178 3238 loannis

3 3259 4 3346 i
64 3287 300 3372 evangelistae,
334 3286 370 3348 in
402 3306 469 3370 quo
490 3282 722 3370 sarcophagum
742 3281 798 3346 sibi
821 3282 1037 3359 ordinaverat,
1071 3281 1178 3346 exclu-
1223 3355 1226 3368 Ι

64 3394 170 3480 aisque
203 3393 332 3460 cunctis
351 3403 477 3478 praeter
498 3413 599 3458 unum
619 3411 709 3456 suum
731 3391 953 3476 capellanum,
989 3391 1031 3453 ad
1052 3411 1084 3453 se
1104 3390 1178 3453 mis·

3 3491 4 3526 ³
64 3522 115 3566 sos
148 3503 316 3568 introduci
347 3502 422 3566 feeit
452 3502 634 3568 sacrarium.
677 3481 836 3579 Quicum
854 3505 959 3559 essent
981 3495 1174 3572 introducti,

63 3609 220 3676 clericum
251 3619 338 3674 retro
370 3610 468 3674 altare
489 3605 601 3673 Sancti
628 3604 790 3671 salvatoris
812 3601 971 3667 ambulare
991 3604 1175 3687 praecepit,

4 3703 5 3710 ἵ
64 3739 176 3805 neque
207 3721 270 3784 nisi
302 3729 434 3785 vocatus
464 3718 576 3783 redire.
619 3714 692 3797 Quo
722 3733 864 3800 egresso,
902 3711 944 3776 ait
965 3711 1042 3776 filiis·
1056 3709 1175 3775 Belial:

64 3825 214 3892 Vestram
254 3829 336 3893 sicut
377 3827 465 3892 vobis
495 3833 701 3910 praeceptum
731 3830 776 3885 est
804 3820 932 3905 implete
962 3820 1171 3907 legationem,

62 3937 256 4022 priusquam
285 3936 372 4000 enim
404 3935 467 3999 huc
499 3931 675 4004 venissetis,
707 3929 873 4015 praesciri.
915 3927 1005 3991 Tune
1035 3927 1077 3989 itti
1108 3945 1177 3989 cer-

5 4095 6 4100 ,
62 4052 181 4108 nentes
210 4043 302 4129 quod
333 4043 418 4107 ultro
449 4041 609 4108 festinaret
642 4036 683 4100 ad
705 4045 860 4108 mortem,
888 4035 1034 4098 extractis
1054 4032 1178 4098 duobus

61 4152 175 4237 longis
196 4151 238 4216 de
259 4151 390 4219 manicis
410 4150 540 4216 cultellis
559 4152 778 4233 percusserunt
800 4162 870 4206 eum
892 4142 923 4204 in
945 4139 1035 4216 extis,
1057 4153 1087 4207 et
1109 4143 1178 4208 irri-

61 4259 185 4326 dentes
215 4259 383 4324 dixerunt:
429 4259 539 4332 Nostra
572 4256 612 4320 de
640 4264 670 4318 te
691 4253 755 4316 ulta
779 4260 823 4315 est
845 4250 964 4333 regina.
1009 4251 1071 4316 Sed
1094 4273 1178 4317 mar·

1039 4371 1054 4400 4

782 4757 1052 4884 377288
