2928 5148
493 484 741 552 cultotttcon.
1126 487 1172 552 93

171 697 232 755 lte
250 699 373 756 morte
390 697 566 757 lelrlsll
583 700 761 785 episcopt
778 700 820 757 et
837 699 1065 770 episcopatu

434 793 563 849 suncti
578 791 796 851 hedenol-

522 991 610 1057 cll.
632 992 726 1057 XXX.

106 1181 192 1248 llaec
223 1181 303 1246 dum
331 1192 523 1266 agerentur,
555 1183 691 1247 moritur
718 1181 884 1246 Rixlridus
903 1183 1070 1277 episcopus
1090 1184 1167 1248 Tra·

62 1288 208 1356 iectensis
247 1290 382 1354 natione
420 1290 525 1366 Friso,
571 1289 720 1357 doctrina
743 1299 783 1355 et
814 1291 983 1356 sanctitate
1013 1291 1162 1378 insignis,

63 1416 158 1461 enno
197 1396 325 1460 Domini
356 1395 475 1481 viiiqxxi
507 1398 625 1482 quinto
656 1398 708 1463 die
734 1399 852 1463 mensis
882 1396 1040 1463 Octobris.
1092 1399 1166 1480 Quo

61 1502 245 1570 honorifice
274 1505 396 1589 sepulto
427 1505 527 1571 clerus
558 1517 589 1572 et
617 1508 755 1593 populus
784 1506 894 1572 dicunt
925 1527 958 1570 se
978 1525 1050 1570 non
1071 1505 1167 1570 elium

62 1611 176 1698 eligere
199 1612 408 1698 episcopum,
431 1635 529 1700 mrem
549 1614 759 1682 Fredericum.
801 1613 932 1680 Interim
954 1635 1008 1678 rex
1028 1613 1167 1679 Ludovi-

64 1739 122 1784 cus
152 1719 259 1786 Caroli
288 1722 398 1806 magni
425 1722 507 1788 filins
533 1722 594 1807 {de
624 1744 691 1809 quo
723 1724 828 1807 capite
847 1722 1085 1808 praecedenti).
1108 1723 1167 1809 qui

64 1836 145 1893 tunc
188 1849 229 1894 ne
261 1831 586 1896 excommunicaretur
618 1831 661 1896 ab
689 1830 843 1915 episcopis
873 1839 1004 1915 propter
1035 1840 1166 1916 neptem

61 1955 173 2010 susm,
207 1955 305 2018 quam
334 1937 368 2000 in
398 1957 529 2002 uxorem
559 1938 709 2015 duxerat,
741 1939 777 2002 in
810 1938 909 2005 Gallia
941 1958 1073 2004 manere
1092 1958 1165 2003 non

62 2041 222 2120 audebat,
257 2045 292 2108 in
324 2043 492 2110 Germania
513 2045 598 2109 iuxta
619 2044 769 2110 Rhenum
791 2044 965 2122 manebat,
999 2057 1164 2131 comperto

61 2151 199 2218 Rixfridi
231 2152 370 2236 episcopi
392 2149 483 2215 obitu
503 2170 559 2234 per
579 2151 698 2236 legatos
717 2172 790 2216 suos
809 2151 974 2234 mandevit
994 2152 1165 2217 senioribus

61 2259 214 2325 eeclesiae
255 2258 478 2333 hamelensis,
523 2267 559 2321 ut
589 2258 718 2324 beotmn
749 2257 949 2324 Fredericum
981 2258 1164 2344 episcopum

58 2368 300 2441 acclamarent,
325 2377 363 2430 et
394 2366 529 2431 electum
558 2365 601 2430 ad
622 2367 687 2431 eius
708 2367 859 2432 ducerent
879 2367 1057 2452 palatium,
1092 2388 1165 2433 nes·

52 2477 148 2542 ciens
177 2494 305 2539 omnem
336 2474 490 2559 populum
511 2474 648 2539 eundem
678 2476 742 2539 iam
763 2475 897 2561 elegisse.
939 2475 1030 2541 'lunc
1050 2476 1165 2543 Frede-

53 2586 146 2651 ricus
168 2605 251 2649 cum
281 2582 456 2648 senioribus
485 2583 635 2648 ecclesiae
655 2583 859 2648 Traiectensis
879 2605 1009 2671 surgens
1028 2589 1163 2672 perrexit

52 2694 102 2758 ad
134 2713 249 2778 regem.
293 2691 354 2773 Qui
384 2690 471 2754 illum
501 2690 658 2754 accersitis
677 2689 832 2773 episcopis
853 2690 918 2754 eliis
937 2691 1009 2756 licet
1028 2694 1163 2760 invitum

54 2812 89 2868 et
131 2801 266 2866 multum
306 2799 491 2864 renitentem
531 2798 567 2861 in
607 2818 664 2861 me
688 2797 874 2882 ,praesentia
902 2798 989 2861 'iussit
1020 2800 1163 2866 ordinari

61 2911 258 2996 episcopum.
300 2907 373 2989 Quo
405 2914 534 2989 peracto
565 2905 737 2989 imperator
769 2905 888 2969 clerum
920 2914 953 2970 et
974 2924 1085 2972 omnes
1105 2909 1163 2994 qui

62 3019 195 3084 oderant
225 3015 348 3081 nobiles
377 3015 494 3099 pariter
514 3023 545 3079 et
565 3012 721 3099 ignobiles
742 3012 785 3077 ad
805 3033 896 3078 suum
915 3013 1059 3080 invitavit
1080 3037 1162 3083 con·

61 3127 196 3202 rivium,
228 3134 325 3210 euple
352 3132 483 3207 propter
513 3121 569 3186 viri
601 3123 656 3186 Dei
686 3141 827 3186 amorem
860 3122 943 3187 diem
973 3123 1060 3188 illum
1088 3147 1162 3193 cum

61 3254 181 3322 magne
212 3232 329 3300 laetitia
357 3228 553 3316 perducebat
582 3230 625 3295 ad
646 3250 818 3314 uesperum.
860 3229 994 3296 Peracto
1015 3235 1162 3302 convivio

60 3367 114 3412 rex
135 3363 242 3410 secum
262 3343 388 3407 volvens
405 3338 442 3402 in
465 3337 593 3415 animo,
616 3358 649 3401 se
669 3336 750 3402 forte
767 3347 898 3422 propter
918 3339 1059 3405 illicitum
1080 3363 1163 3408 con·
1265 3423 1269 3429 ⁶

59 3452 191 3519 nubium
221 3450 256 3513 in
287 3447 394 3513 futuro
423 3465 516 3532 posse
537 3466 557 3509 a
577 3445 673 3510 bento
693 3445 859 3510 Frederico
879 3446 1041 3522 maledici.
1078 3450 1163 3516 iussit

60 3559 147 3628 illum
179 3557 323 3626 accersiri
355 3566 386 3622 et
418 3576 545 3632 coram,
586 3552 643 3640 qui
684 3552 834 3630 aderent,
865 3552 1019 3638 epscopis
1051 3555 1163 3623 talibus

63 3669 234 3754 alloquitur
254 3665 364 3732 dictis:
408 3663 506 3749 Elegit
525 3672 579 3739 te,
601 3659 779 3735 carissime,
803 3659 958 3725 Dominus
977 3659 1035 3726 sibi
1055 3662 1090 3728 in
1110 3685 1163 3732 sa.

62 3776 222 3844 cerdotem
252 3793 422 3862 magnum,
456 3771 532 3858 quis
566 3780 597 3837 te
629 3769 671 3835 ed
702 3768 765 3835 boc
799 3788 878 3854 opus
910 3772 1059 3857 cognovit
1089 3774 1162 3842 ido.

62 3906 176 3961 neum,
208 3894 243 3948 ut
277 3893 331 3949 tue
361 3889 473 3947 sancte
504 3879 744 3964 praedicatione
773 3880 927 3964 populum
959 3890 1162 3965 peccatorem

60 4002 229 4061 convertes
259 3990 301 4056 ad
330 3986 513 4055 Dominum.
554 3987 606 4052 Est
637 3987 729 4072 igitur
758 3987 894 4072 populus
926 3996 999 4053 tuse
1030 3988 1163 4055 diocesis

62 4103 220 4168 ininsula
241 4099 327 4164 dicta
349 4094 550 4170 Walachria‚
574 4095 608 4157 in
630 4113 694 4178 qua
718 4091 941 4176 (prohdolor)
963 4104 998 4157 ut
1019 4095 1060 4160 od
1078 4118 1163 4164 mess

61 4233 164 4298 nuper
184 4208 324 4296 pervenit
347 4225 458 4281 sures.
481 4224 563 4269 unus
583 4200 717 4288 quisque
739 4208 868 4285 neptem
889 4209 944 4266 eut
964 4204 1053 4288 quod
1075 4208 1162 4294 peius
