2916 5150
283 461 343 526 1³6
480 449 488 466 ’
699 460 921 529 Wottrultr

278 629 382 694 Adam
403 631 553 708 nomine,
576 649 674 718 quem
696 629 802 695 edbuc
820 632 856 696 in
879 630 1018 697 terminis
1037 627 1255 715 exsequiarum
1277 637 1389 694 meter

278 737 443 803 Ludosico
466 739 575 804 comiti
596 740 636 803 de
656 740 746 803 Lone
766 739 979 824 desponsavit.
1021 738 1094 802 Post
1115 746 1249 802 mortem
1271 747 1385 802 eutem

277 845 460 912 Theoderici
489 846 613 912 comitis
633 845 818 912 Wilbelmus
836 846 902 911 eius
920 846 1037 922 t'reter,
1070 845 1221 909 dominus
1241 840 1385 919 Frisioe,

278 953 321 1019 ed
340 955 507 1020 dominum
539 954 728 1020 llollnndine
749 954 854 1039 coepit
876 955 1024 1039 ospitare.
1068 952 1226 1034 Quicum
1247 949 1386 1036 quibus·

278 1063 354 1127 dem
385 1062 567 1147 proceribus
597 1062 742 1128 aduersu
763 1060 961 1127 Ludovicum
979 1060 1067 1146 spud
1087 1060 1188 1124 Leidis
1206 1079 1383 1144 pugnans,

276 1170 414 1235 eundem
434 1170 508 1235 vicit
529 1180 626 1255 capto
647 1171 712 1235 eius
732 1189 830 1235 uxore
851 1180 947 1255 nepte
966 1191 1044 1245 sue,
1078 1190 1176 1254 quern
1196 1169 1232 1232 in
1252 1165 1384 1231 Tcxolin

276 1278 407 1343 vinculis
436 1279 642 1364 manciparit.
685 1278 862 1343 Ludoricus
893 1298 986 1363 super
1017 1277 1064 1342 bis
1094 1276 1279 1342 Theoderici
1301 1273 1385 1358 epis·

278 1387 353 1473 copi
381 1388 582 1453 Treiectensis
611 1387 791 1472 imploravit
821 1387 983 1452 auxilium.
1027 1385 1089 1467 Qui
1109 1405 1231 1470 pronus
1253 1381 1300 1446 nd
1321 1381 1386 1445 hoc

277 1503 407 1579 propter
439 1496 584 1560 iniuriam
614 1494 672 1560 sibi
703 1515 805 1580 nuper
836 1517 855 1559 e
887 1493 1056 1560 Wilhelmo
1077 1493 1218 1557 Steuriae
1238 1491 1383 1566 sectam,

277 1612 309 1668 et
329 1603 513 1686 promissam
535 1604 705 1688 pecuniam
718 1603 773 1688 (⁸),
807 1603 881 1666 forti
911 1613 942 1666 et
962 1622 1079 1688 magno
1100 1609 1273 1666 contrecto
1294 1618 1383 1664 exer·

278 1709 343 1776 citu
364 1730 476 1774 omues
497 1711 671 1774 Hollendos
691 1710 748 1774 sibi
770 1731 844 1776 cum
865 1710 998 1774 domino
1021 1709 1190 1774 Wilhelmo
1210 1709 1384 1772 resistentes
1405 1784 1408 1788 ,

278 1816 365 1900 opud
387 1815 628 1881 andenherch
657 1817 818 1880 contrivit.
861 1815 982 1880 Deinde
1003 1815 1188 1880 Wilhelmus
1206 1815 1241 1879 in
1265 1814 1382 1878 Zelen·

278 1923 331 1988 die
353 1924 505 2000 existens,
531 1925 671 1988 solidum
693 1924 895 2010 congregari-t
915 1925 1108 2002 exercitum,
1131 1935 1162 1988 et
1184 1923 1384 1990 Ludovicum

279 2031 366 2116 opud
387 2031 622 2108 Voerschoten,
647 2053 806 2117 eggressus
825 2033 1001 2117 supererit,
1025 2043 1120 2119 etque
1141 2052 1315 2118 nunquam
1337 2051 1384 2094 re·

277 2161 437 2206 versumm
457 2141 624 2206 Hollnndie
646 2140 781 2225 pepulit,
804 2151 835 2204 et
856 2161 875 2204 o
897 2141 1043 2226 Philippo
1066 2141 1290 2205 Romanorum
1312 2159 1384 2224 rege

279 2231 385 2314 comes
413 2249 620 2314 duodecimus
650 2247 837 2312 llollnndine
867 2247 1037 2332 deputatus
1057 2257 1113 2314 est.
1157 2248 1280 2312 Deinde
1302 2249 1384 2311 inter

278 2356 481 2422 Wilhelmum
513 2356 661 2419 comitem
692 2363 724 2417 et
755 2354 983 2420 Theodericum
1015 2357 1199 2442 episcopum
1228 2357 1320 2422 locta
1340 2365 1404 2420 est.

278 2461 513 2536 reconciliatio,
546 2470 581 2523 ut
612 2480 717 2526 comes
738 2481 811 2526 cum
833 2463 1016 2548 quingentis
1037 2463 1184 2528 militibus
1204 2484 1265 2548 pro
1289 2474 1384 2529 teme·

278 2573 388 2643 ritate,
419 2590 516 2654 quom
549 2571 634 2634 circe
668 2569 826 2634 Stauriom
848 2570 881 2633 in
903 2570 1088 2655 episcopum
1109 2570 1233 2655 pridem
1253 2581 1380 2657 egeret,

279 2678 400 2744 venium
421 2678 592 2763 postularet
613 2677 698 2762 opud
719 2687 865 2742 sanctum
878 2677 1044 2742 bertinum
1065 2679 1097 2742 in
1109 2679 1264 2744 Treiecto.
1287 2677 1383 2761 Quod

279 2787 374 2852 etita
395 2787 515 2851 fectum
536 2796 600 2860 est,
635 2794 666 2849 et
687 2784 871 2850 Wilhelmus
892 2808 911 2850 o
932 2785 1062 2850 domino
1082 2806 1168 2872 pepe
1188 2787 1381 2852 innocentio

280 2894 370 2959 tertio
391 2893 560 2966 absolutus,
578 2911 705 2956 securus
722 2890 869 2976 deinceps
887 2912 994 2957 comes
1004 2892 1190 2958 llollondioe
1201 2895 1379 2979 permansit,

278 3001 397 3067 behem
418 3000 467 3084 (ut
486 3019 581 3084 supre
603 2998 723 3063 dictum
743 2997 801 3082 est)
814 2999 988 3064 inuxorem
999 3000 1142 3065 hleidem
1151 3002 1248 3066 lilium
1258 3003 1383 3068 Ottonis

252 3176 254 3181 .
280 3107 403 3174 comitis
424 3107 561 3183 Gelrine,
595 3127 718 3191 exque
740 3107 849 3192 genuit
870 3107 1063 3173 Florentium
1084 3110 1142 3174 sihi
1162 3111 1382 3176 succedentem

279 3228 311 3282 et
342 3215 494 3281 Ottonom
526 3215 715 3280 tricesimum
758 3226 880 3282 sextum
922 3217 1107 3303 episcopum
1140 3219 1380 3284 Treiectensem.

280 3324 366 3389 Obiit
391 3333 497 3394 sutem
527 3322 713 3388 Wilhelmus
744 3323 800 3388 iste
821 3323 1008 3390 llollondine
1028 3337 1060 3390 et
1082 3326 1255 3392 Zelondioe
1276 3345 1378 3392 comes

280 3454 369 3500 enno
389 3431 512 3496 Domini
532 3431 667 3496 mccxxii
686 3430 823 3516 sepultus
843 3431 878 3494 in
900 3431 1110 3500 Reinsburch.

320 3546 417 3606 Anno
439 3539 566 3604 Domini
587 3559 658 3604 mcc
679 3549 821 3624 tempore
839 3539 962 3605 domini
984 3542 1142 3608 Wilhelmi
1164 3543 1288 3609 comitis
1309 3530 1379 3607 ttoli

278 3651 404 3715 londiee
423 3648 509 3713 llere
529 3645 737 3712 Occidentelc
756 3646 861 3712 adhuc
880 3648 1006 3716 intrarit
1024 3651 1160 3717 medinm
1182 3653 1331 3728 Frisium,
1352 3661 1381 3716 et

280 3756 444 3823 dicebatur
465 3775 485 3816 a
505 3752 605 3817 Frisiis
616 3753 702 3817 llere
712 3753 972 3821 Mediterraneum
986 3757 1092 3846 (vulgo
1114 3759 1166 3824 die
1185 3759 1379 3844 Middelzee).

274 3917 425 3936 μ

316 4015 361 4084 (s)
401 4010 449 4066 Sc.
477 4029 492 4062 e
520 4007 679 4064 Ludorieo.
724 4007 759 4060 In
791 4010 857 4067 cod.
891 4009 958 4066 MS.
997 4015 1118 4068 seeundo
1145 4032 1243 4070 monus
1271 4015 1381 4072 eddidit

280 4107 359 4160 dedit
382 4113 422 4167 et,
449 4104 575 4174 negleeto
601 4119 675 4156 nexu
701 4105 865 4172 verborum,
896 4121 952 4174 quo
971 4122 1029 4162 ece.
1044 4109 1216 4178 promissam
1228 4112 1379 4180 pecuniam

282 4196 416 4270 pendete
435 4197 614 4266 praecedenti
630 4205 761 4267 propter.
