2916 5150
516 467 766 536 CHRONIGON.
1124 469 1185 537 175

80 601 295 698 instrumentis
333 633 459 700 bellicis.
504 633 686 702 vestiebant
719 646 824 701 nutem
866 635 1068 713 machinam.
1110 637 1187 724 qnia

79 740 184 822 lignea
206 750 293 817 erat,
328 743 520 808 extrinsecus
542 742 675 827 pellibus
695 744 832 809 vitulinis
852 753 967 808 contra
988 745 1106 829 ignem.
1151 745 1188 809 llt

79 849 288 914 admoventes
307 871 378 914 eam
398 850 443 915 ad
463 859 619 927 castrum,
654 861 875 937 pugnaverunt
896 873 934 916 ex
960 871 997 917 ea
1019 853 1091 950 totis
1114 853 1188 916 riri·

79 955 148 1021 bus.
192 955 392 1022 castellanus
424 967 530 1022 nutem
560 977 633 1023 oum
666 961 727 1023 sois
759 980 829 1024 non
863 960 979 1024 minori
1000 960 1188 1026 tortitudine

79 1063 157 1126 illud
178 1075 294 1130 contra
315 1067 465 1148 impetum
487 1066 653 1130 Frisonum
675 1067 815 1134 defendit
845 1069 1005 1134 constanti
1027 1069 1149 1135 animo.

121 1172 220 1236 Missis
240 1172 365 1236 interim
399 1173 520 1238 nuntiis
552 1187 632 1242 nota
653 1175 739 1240 lacta
761 1187 835 1240 arnt
856 1178 1008 1261 episcopo
1027 1178 1064 1241 in
1084 1178 1189 1242 Fran·

78 1280 153 1356 cia,
193 1301 279 1366 quae
308 1281 431 1346 fiebant
462 1283 496 1346 in
527 1283 751 1369 Follenhoegh.
804 1284 866 1366 Qui
896 1285 1025 1350 festinus
1057 1287 1187 1353 veniens

78 1390 113 1452 in
152 1389 355 1454 hollandiam
391 1392 596 1478 congregavit
629 1393 800 1457 exereitum
830 1414 981 1478 magnum
1002 1403 1033 1458 et
1055 1393 1182 1470 fortem,

78 1497 273 1581 praesidium
308 1499 352 1562 illi
374 1499 494 1563 ferente
516 1498 685 1565 Wilhelmo
708 1501 826 1566 comite
846 1501 1046 1566 llollandiae.
1090 1501 1186 1566 Exer-

79 1605 148 1669 citu
182 1605 300 1671 deinde
332 1606 467 1671 naribus
498 1608 645 1692 imposito
666 1609 752 1672 llare
773 1609 982 1674 meridionale
1001 1619 1046 1673 est
1067 1609 1186 1695 ingres·

79 1733 142 1778 srrs.
190 1714 309 1781 Videas
351 1714 460 1800 itaque
491 1715 681 1780 castellanus
713 1718 747 1779 in
779 1718 957 1783 summitate
988 1718 1081 1782 turris
1114 1738 1183 1784 oas-

80 1823 122 1886 tri
155 1823 388 1909 Folleuboegh‚
423 1825 552 1889 classem
589 1844 737 1911 magnam
778 1827 1006 1893 adventantem
1038 1847 1077 1892 ex
1109 1827 1187 1890 llol·

76 1931 207 2010 landia‚
232 1933 367 1997 laetatus
387 1942 450 2012 est3
479 1943 510 1997 et
531 1953 664 2017 parrum
686 1937 849 2000 vasculum
870 1937 995 2022 replens
1013 1945 1106 2022 stupe
1125 1936 1185 2001 lini

78 2061 157 2106 cum
187 2040 260 2125 pice
292 2052 323 2106 et
356 2039 525 2125 sulphure,
568 2041 762 2105 extrinsecus
788 2051 901 2105 acutos
932 2045 1038 2109 claros
1070 2047 1187 2111 ferreos

77 2151 116 2214 in
148 2150 285 2216 circuitu
312 2151 435 2227 infixit,
470 2159 502 2215 et
531 2150 577 2214 sic
597 2151 667 2234 igne
688 2150 836 2231 imposito
858 2147 974 2214 ardens
994 2149 1128 2237 projecit
1149 2154 1184 2216 in

78 2279 205 2324 stimmo
235 2259 400 2325 interstitio
426 2258 595 2325 machinae
624 2257 826 2343 praedictae,
861 2256 1105 2343 quod-pellibus
1126 2259 1186 2324 ad·

78 2365 214 2432 haerens
233 2388 291 2454 per
312 2377 423 2432 acutos
443 2367 512 2432 illos
533 2367 639 2433 claros
660 2367 852 2452 superiorem
872 2364 1042 2432 machinae
1061 2374 1185 2451 partem

76 2475 232 2541 incendit.
275 2477 364 2542 Tunc
393 2475 557 2552 Prienaee,
589 2475 645 2561 qui
676 2496 715 2538 ex
743 2475 895 2558 superiori
915 2474 1083 2540 interstitio
1103 2496 1185 2562 pug-

75 2581 199 2648 nabant
218 2583 322 2669 ignem
342 2584 422 2648 lorre
443 2604 508 2648 non
530 2583 668 2647 volentes
688 2583 804 2665 partim
827 2583 941 2644 mortui
962 2593 1047 2660 sunt,
1069 2586 1184 2668 partim

75 2690 226 2756 membris
257 2691 431 2756 confractis
463 2687 647 2756 oeciderunt
679 2709 717 2752 ex
747 2688 925 2752 summitate
957 2689 1000 2752 ad
1032 2692 1182 2759 medium.

76 2799 154 2880 Quo
173 2796 324 2864 incendio
347 2796 469 2861 turbati
490 2816 597 2862 omnes
618 2795 784 2880 sugerunt,
808 2793 885 2880 quia
906 2795 1090 2880 episcopum
1111 2819 1184 2863 cum

0 2947 1 2956 κ
75 2926 196 2994 magna
222 2906 319 2972 classe
340 2904 658 2991 appropinquantem
679 2901 866 2969 cernebant.
911 2900 1106 2969 castellanus
1127 2927 1186 2969 au·

74 3024 141 3079 tem
173 3013 267 3078 castri
288 3033 472 3098 erumpens,
506 3011 661 3100 fugientes
680 3011 901 3098 insequendo,
936 3014 1113 3079 nonnullos
1133 3015 1186 3078 in·

75 3121 209 3186 teremit.
253 3121 344 3187 Tunc
375 3122 541 3206 episcopus
571 3119 730 3206 egrediens
762 3141 836 3184 oum
857 3122 1026 3187 omninno
1047 3124 1185 3189 exercitu

0 3239 2 3266 ³
76 3230 120 3295 ad
154 3238 288 3307 terram,
323 3229 392 3294 fixit
423 3228 560 3293 tentoria
590 3249 646 3292 sua
677 3226 736 3292 sub
757 3228 842 3293 diro.
885 3229 924 3293 llt
946 3249 1068 3295 vocans
1090 3232 1134 3295 ad
1154 3254 1185 3296 se

76 3336 246 3402 dominum
281 3337 474 3401 Florentium
494 3335 710 3421 praepositum
731 3335 766 3399 in
787 3357 932 3414 summo,
964 3348 995 3403 et
1017 3338 1185 3407 dominum

74 3445 254 3513 Iohannem
276 3447 317 3511 de
337 3446 433 3512 Arkel
456 3445 649 3511 consiliarios
669 3465 763 3519 suos.
792 3465 943 3510 necnon
964 3455 996 3510 et
1017 3448 1185 3515 dominum

79 3555 309 3622 Theodericum
341 3555 382 3618 de
413 3553 612 3618 brederoede
643 3563 674 3617 at
708 3553 873 3618 Nicolaum
895 3553 936 3618 de
956 3554 1094 3634 Puden,
1128 3560 1185 3643 qui

75 3664 228 3732 exercitui
237 3663 425 3730 llollandiae
444 3661 568 3727 comitis
587 3669 773 3745 praeerant,
794 3661 959 3726 consulens
979 3674 1074 3729 eoset
1085 3685 1186 3749 quae·

76 3794 170 3850 rens,
204 3794 271 3858 qua
301 3773 370 3848 ria,
406 3791 473 3857 quo
505 3770 612 3836 medio
644 3770 772 3834 Frisiam
801 3770 1005 3857 ingredientes
1035 3774 1185 3841 ultionem

76 3890 230 3968 caperent
260 3880 301 3945 de
330 3880 389 3944 eis:
422 3878 553 3944 tandem
582 3879 770 3944 conclusum
801 3889 846 3942 est
867 3891 898 3944 et
919 3884 1087 3965 praeconia
1107 3903 1186 3950 voce

75 3990 331 4075 proclamatum,
364 3997 397 4053 ut
431 4007 543 4052 omnes
576 3997 608 4052 et
640 3987 755 4072 singuli
786 3987 925 4052 crastino
956 4009 1052 4054 mane
1083 4000 1186 4057 essem

74 4098 199 4184 parati,
230 4108 328 4183 atque
360 4097 489 4162 Frisiam
521 4095 735 4181 ingredientes
756 4115 867 4161 omnes
887 4117 988 4184 pagos
1008 4099 1082 4185 igne
1103 4120 1187 4166 oon.

74 4217 255 4285 sumerent,
279 4207 361 4276 riros
381 4215 590 4292 repugnantes
610 4205 838 4282 interficerent,
864 4204 952 4274 bona
972 4207 1031 4276 sibi
1052 4212 1186 4296 quisque
