2916 5150
469 461 715 530 caaoarcoa.
1088 468 1148 569 aaa

57 651 91 696 so
118 629 192 707 filii,
226 632 281 716 qui
311 643 481 698 nascentur
510 655 549 698 ex
570 634 625 706 iis.
660 640 851 718 exsurgant,
884 642 960 697 nota
983 635 1086 700 lacere
1106 657 1144 700 ea

14 749 16 788 t
55 737 116 802 filiis
134 740 328 818 eorundem,
362 741 476 826 quibus
502 740 644 806 subsidiis
664 761 721 826 per
741 751 845 825 patres
866 761 977 806 eorum
996 743 1145 809 Romana

56 856 83 912 et
99 847 227 912 ecclesia
249 859 280 912 et
311 849 477 934 imperium
498 849 612 914 luerint
633 848 814 925 sublevata,
847 849 962 935 quibus
983 850 1147 917 virtutibus

57 975 153 1018 sonam
185 957 353 1020 strenuitas
385 978 507 1042 semper
537 957 630 1022 luerit
660 958 831 1034 illustrata,
866 979 933 1042 qua
964 959 1148 1024 strenuitate

57 1065 140 1128 etiam
160 1084 270 1128 eorum
292 1064 420 1130 devotio
441 1066 605 1130 ecelesiam
638 1076 669 1129 et
689 1067 854 1150 imperium
866 1067 978 1132 crucis
997 1067 1149 1134 exaltarit

59 1172 222 1238 desiderato
245 1173 424 1258 triumpho¹
449 1174 573 1239 obsidio
595 1184 725 1240 testatur
745 1176 907 1261 Aquensis.
939 1179 987 1240 Ao
1009 1196 1088 1253 nos,
1112 1185 1148 1239 ut

14 1323 15 1330 κ
58 1282 104 1366 ipsi
123 1292 152 1346 et
172 1302 285 1346 eorum
322 1283 438 1366 posteri
459 1281 600 1348 babeant
620 1304 659 1347 ex
679 1281 743 1348 hoc
764 1283 980 1348 delectationis
1000 1284 1150 1349 memori·

60 1389 111 1465 ale,
130 1400 159 1453 et
180 1389 351 1456 memoriae
371 1390 555 1455 delectantis
574 1391 735 1476 perhenne
756 1390 919 1476 registrum
940 1391 1062 1475 scriptis
1081 1392 1147 1456 oel-

58 1497 185 1562 situdinis
217 1508 349 1564 nostrae
378 1509 471 1564 tanto
501 1501 681 1583 gratantius
713 1521 824 1564 eorum
856 1501 972 1564 meritis
990 1510 1147 1585 protesta-

58 1625 132 1685 mur,
154 1603 346 1692 quanto'ad
368 1607 525 1674 bonorem
545 1608 701 1686 altissimi,
724 1629 765 1674 ac
785 1608 1039 1674 sublimationem
1060 1610 1145 1686 fidei,

59 1713 91 1777 sd
117 1714 333 1780 defensionem
363 1715 512 1781 ecclesiae
532 1725 660 1781 sanctae
680 1716 755 1793 Dei,
788 1726 820 1780 et
842 1717 1067 1782 exaltationem
1087 1718 1149 1782 im·

58 1824 121 1906 perii
139 1825 274 1900 armati,
297 1829 400 1889 crucis
422 1824 645 1909 triumphantis
666 1825 779 1890 vexillo
801 1835 958 1889 venerunt
979 1825 1147 1890 ferventius

60 1933 93 1998 ad
109 1931 326 2020 pugnandum.
370 1929 450 1994 Cum
470 1930 564 2015 igitur
585 1953 604 1994 a
626 1931 697 1994 solis
718 1940 789 1994 ortu
812 1951 911 2017 usque
932 1932 974 1996 ad
996 1952 1147 1998 occasum

58 2040 195 2106 laudabile
215 2059 341 2104 nomen
363 2038 491 2104 Domini
512 2039 734 2132 praedicetur,
768 2049 799 2101 et
821 2043 855 2102 in
876 2039 970 2102 Frisia
993 2061 1146 2126 magnum

58 2159 81 2210 et
97 2148 277 2216 laudabilius
297 2156 484 2221 censeatur,
499 2147 632 2232 dignum
653 2156 715 2223 est,
736 2154 771 2209 ut
791 2146 848 2230 qui
868 2146 998 2230 perfecit
1020 2148 1146 2212 laudem

58 2277 89 2318 er
103 2259 204 2324 incolis
229 2258 409 2331 insularum,
432 2267 468 2319 ut
487 2255 650 2320 inimicum
668 2254 839 2319 destrueret
860 2265 892 2318 et
915 2255 1065 2331 ultorem,
1086 2254 1146 2320 bo-

59 2375 166 2430 noretur
194 2368 232 2430 in
262 2366 354 2450 ipsis,
386 2364 443 2448 qui
473 2383 535 2427 nos
569 2362 712 2449 (propter
732 2383 805 2427 eum
826 2363 883 2447 qui
905 2362 1087 2447 angariatus
1099 2363 1144 2448 (Ἰ

60 2485 97 2538 ast
122 2475 220 2539 tollere
251 2493 380 2539 crucem
411 2491 499 2536 suam
521 2471 693 2537 devotione
717 2469 851 2554 fervida)
874 2471 1006 2538 strenuis
1028 2471 1147 2538 auxiliis

61 2578 250 2649 honorarunt.
295 2581 423 2647 Noverit
455 2580 549 2664 igitur
580 2588 646 2642 tam
676 2579 892 2662 praesentium
913 2590 1020 2655 aetas,
1044 2601 1144 2665 quam

14 2705 15 2725 t
62 2692 202 2772 posteritas
231 2693 427 2764 futurorum,
463 2687 554 2774 quod
583 2707 645 2752 nos
665 2687 800 2770 pensatis
820 2687 936 2750 meritis
956 2687 1141 2765 Frisonum.

14 2805 15 2821 ¹
63 2801 151 2864 onnia
192 2803 285 2876 iura,
329 2798 487 2862 libertates
516 2806 547 2860 et
584 2794 743 2880 privilegia
784 2813 933 2859 concessa
965 2794 1145 2859 Frisonibus

63 2909 187 2975 universis
226 2933 248 2975 e
290 2907 406 2974 Garolo
439 2924 554 2991 magno
586 2904 777 2989 imperatore
810 2913 1005 2968 antecessore
1034 2913 1143 2968 nostro

62 3029 170 3085 sanctae
189 3018 361 3086 memoriae
381 3013 548 3080 liberaliter
567 3013 770 3088 innovamus,
792 3021 823 3076 et
843 3011 1014 3096 praesentis
1035 3012 1143 3097 scripti

61 3129 213 3205 patrocinio
246 3133 400 3212 perpetuo
432 3123 671 3188 confirmamus.
715 3121 829 3183 Datum
862 3120 949 3204 apud
970 3121 1142 3207 Aquisgra·

62 3250 123 3297 num
139 3237 172 3300 in
193 3237 283 3302 curia
303 3243 414 3297 nostra
435 3250 570 3316 magna,
593 3228 686 3292 tertio
706 3248 813 3292 nonas
834 3228 1031 3308 Novembris,
1056 3251 1140 3296 anno

60 3337 165 3410 bomini
193 3342 366 3418 mccxlviii,
398 3339 576 3404 indictione
605 3346 711 3413 sexta,
746 3357 838 3401 anno
859 3357 934 3402 vero
956 3340 1042 3423 regni
1063 3361 1140 3404 nos·

61 3447 89 3509 tri
112 3453 230 3535 primo,
262 3473 320 3538 per
341 3469 474 3515 manum
494 3446 584 3512 libris
604 3445 774 3531 praepositi
796 3446 896 3508 nostri
918 3447 1046 3511 notarii.
1088 3447 1137 3510 Si·

59 3554 144 3635 gillum
183 3561 307 3626 domini
348 3555 506 3622 Wilhelmi
550 3551 757 3638 gloriosissimi
801 3550 1025 3614 Romanorum
1058 3554 1136 3636 regis

58 3661 165 3732 illustris.

540 3851 619 3882 EO&

63 3987 185 4009 —n—r-

85 4039 123 4105 θ’)
155 4039 198 4094 De
223 4043 313 4098 verbo
340 4038 507 4108 angariare,
538 4036 648 4104 adigere
676 4033 711 4085 ed
730 4032 847 4101 aliquod
866 4049 950 4095 onus,
971 4031 1032 4085 vid.
1050 4029 1132 4082 Vos-

59 4136 122 4196 uas,
141 4133 204 4199 t.t.‚
215 4155 243 4204 p.
264 4133 316 4188 653
334 4135 416 4200 coll„
428 4151 458 4201 p.
476 4133 510 4184 24
528 4130 628 4193 catto,
641 4127 769 4198 quictem
780 4123 920 4179 Graecum
935 4111 1135 4208 dyyarpsv‘ur,

59 4233 84 4269 er
100 4221 194 4298 Evang.
212 4229 357 4292 Maras„
378 4225 417 4292 V,
438 4225 482 4278 41.
