2950 5144
274 477 316 540 52
717 472 941 538 Woltr’nltl

276 645 353 708 dum
375 654 536 730 tempore,
565 652 670 707 temen
692 651 821 706 sanctus
838 639 1065 707 Willibrordus
1098 633 1262 722 praecedit
1282 653 1385 698 sonc-

277 761 343 815 tum
374 749 586 818 Swidbertum
616 748 787 833 dignitate,
820 757 853 812 et
872 749 991 832 primus
1011 743 1263 828 archiepiscopus
1284 761 1386 826 repu-

278 867 363 921 tatur
383 857 604 932 traiectensi,
625 877 665 920 eo
686 855 776 942 quod
798 878 817 920 a
839 865 952 920 sancto
974 854 1083 939 Sergio
1104 873 1189 938 papa
1212 849 1387 934 archiepis·

278 987 378 1050 copus
397 966 562 1030 Frisonum
584 966 757 1050 specialiter
777 972 997 1041 consecretur,
1021 972 1052 1026 et
1073 983 1091 1026 a
1113 960 1186 1024 sede
1206 958 1387 1052 apostolica

280 1074 322 1138 ad
341 1075 480 1140 eundem
500 1075 654 1160 populum
675 1073 782 1136 missus
812 1072 922 1149 fuerit3
958 1080 1054 1157 etque
1087 1066 1177 1154 quod
1211 1065 1253 1130 ab
1273 1067 1415 1134 illustri

278 1181 419 1266 principe
446 1183 584 1267 Pippino
605 1181 646 1246 de
667 1181 820 1244 llarstallo
840 1190 871 1243 et
893 1201 913 1244 a
933 1179 1070 1267 glorioso
1090 1177 1158 1242 filio
1178 1176 1244 1240 eius
1264 1173 1387 1239 Gerolo

280 1291 421 1355 Mortello
451 1313 489 1355 ex
520 1290 616 1375 regali
649 1288 828 1353 donatione
860 1287 1017 1354 civitatem
1048 1285 1278 1358 Treiectensem
1309 1303 1387 1348 cum

281 1398 340 1460 suis
371 1397 563 1482 appenditiis
594 1416 655 1480 pro
688 1417 721 1459 se
751 1405 783 1459 et
814 1396 875 1460 suis
904 1390 1134 1460 successoribus
1163 1391 1390 1456 Treiectensis·

282 1506 430 1571 eeclesiae
450 1505 606 1588 episcopis
625 1503 811 1588 impetravit.
855 1505 892 1568 Et
924 1503 998 1568 ideo
1030 1511 1160 1566 sauctus
1189 1497 1390 1566 Swidbertns

282 1632 351 1679 non
374 1611 754 1696 episcopusTraieotensis
775 1611 967 1696 appellatur,
979 1609 1034 1674 sed
1055 1601 1262 1692 coiipisoopns
1283 1607 1388 1672 sancti

283 1719 490 1784 Willibrordi.

796 1968 875 2000 ¹003

302 2200 512 2258 Radboeius
530 2212 599 2258 rex
616 2200 751 2257 filium
769 2201 927 2272 Pippini
943 2201 1161 2271 interficit,
1181 2202 1223 2258 ot
1240 2201 1373 2260 caroli

337 2295 508 2353 martelli
526 2293 740 2352 exercitum
757 2295 880 2350 vincit
889 2329 900 2362 ‚
921 2310 945 2350 o
962 2309 1037 2366 quo
1055 2295 1193 2352 iterum
1210 2295 1340 2353 victus

505 2385 766 2445 meusne-
783 2399 827 2442 ιο
844 2387 941 2445 fieri
957 2388 1183 2457 pollicetur.

742 2585 828 2652 CAP.
853 2587 938 2654 Vlll.

308 2809 427 2870 'Anno
473 2803 595 2868 Domini
638 2803 758 2891 viiffxiiii
798 2804 949 2890 gloriosus
990 2787 1138 2891 princeps
1159 2807 1318 2892 lippinus
1351 2808 1396 2872 de

287 2915 441 2980 llarstallo
470 2911 621 2987 moritur,
646 2921 676 2976 et
698 2911 846 2976 Carolum
867 2912 1040 2978 llartellum
1061 2935 1099 2978 ex
1119 2913 1259 2999 Alparde
1280 2915 1396 3000 pellice

288 3032 400 3087 natum
441 3019 585 3084 omnium
627 3012 863 3104 principatuum
901 3040 1028 3084 suorum
1061 3022 1184 3106 reliquit
1215 3021 1394 3087 haeredem.

288 3131 415 3194 ilortuo
435 3128 527 3212 igitur
547 3127 703 3212 pippino,
736 3125 914 3192 Radbodus
934 3149 990 3192 rex
1010 3128 1174 3192 Frisonum
1195 3138 1312 3195 contra
1335 3131 1397 3196 Ge·

289 3238 393 3302 rolnm
421 3237 595 3301 Mertellum
625 3235 775 3301 rebellare
807 3236 925 3320 coepit.
968 3237 1006 3300 Et
1027 3237 1130 3321 primo
1151 3237 1281 3323 quidem
1303 3241 1397 3304 misso

279 3337 501 3431 llingorioi')
534 3345 663 3408 satellite
695 3365 753 3407 suo
784 3343 942 3408 interiecit
963 3345 1200 3420 Grimooldum‚
1243 3369 1397 3432 generum

290 3473 398 3530 sunm,
422 3453 551 3520 fratrem
572 3452 676 3518 Caroli
696 3452 848 3530 martelli,
883 3453 983 3518 filium
1012 3454 1140 3539 Pippini
1170 3475 1210 3520 ex
1230 3457 1397 3522 Plectrude

290 3561 424 3647 legitima
457 3581 572 3635 uxore,
608 3562 759 3626 maiorem
780 3561 913 3637 domus,
947 3559 1055 3626 Leodii
1076 3572 1153 3626 ante
1174 3565 1275 3629 altare
1295 3566 1397 3630 sancti

291 3667 448 3732 iremberti
492 3677 648 3732 orontem.
705 3667 778 3748 Quo
816 3668 960 3733 facinore
1019 3668 1203 3756 indignatus
1246 3672 1396 3749 Carolus,

292 3795 380 3840 enno
413 3775 539 3838 Domini
571 3775 687 3855 alifas,
732 3775 817 3838 venit
849 3785 960 3840 contra
991 3798 1064 3841 eum
1095 3780 1127 3842 in
1159 3781 1300 3864 proelio,
1346 3781 1399 3846 sed

291 3884 390 3950 victus
412 3882 506 3947 abeo
528 3893 558 3946 et
579 3883 704 3967 fugatus
723 3881 855 3946 Carolus
874 3903 970 3969 grave
990 3885 1036 3948 sui
1057 3887 1208 3951 exercitus
1229 3891 1399 3976 consequi·

286 4001 342 4054 tur
372 3991 537 4058 damnum.
583 3990 653 4071 Qua
687 3990 817 4056 victoria
847 3992 946 4056 elatus
974 3993 1153 4058 Radbodus
1186 4016 1239 4060 rex
1262 4018 1399 4086 congre·

288 4141 446 4160 m

329 4209 374 4277 (*)
413 4210 461 4264 Al.
480 4205 632 4279 hengario.
