2950 5144
301 509 348 575 68
739 505 961 572 WORPERI

303 677 484 760 praedictus
521 675 686 751 illuxisset,
729 685 809 739 tunc
841 696 927 742 versa
960 674 1028 741 rice
1060 669 1180 737 inimici
1210 690 1271 754 pro
1303 670 1416 735 amicis

304 796 478 863 venerunt,
509 785 709 871 hostiumque
729 787 843 872 ingens
863 794 988 850 caterva
1011 802 1085 847 cum
1106 779 1226 844 lanceis
1245 786 1278 843 et
1299 779 1416 866 gladiis

303 891 420 958 irruere
441 903 617 979 coeperunt
637 895 673 956 in
694 902 796 957 castra
817 901 1013 956 sanctorum.
1055 889 1148 952 'lunc
1169 897 1300 972 repente
1322 889 1417 973 pueri

303 1023 321 1065 e
342 1003 450 1066 castris
470 1002 674 1087 prosilientes,
692 1000 801 1075 armis,
823 1009 991 1085 utcunque
1011 1005 1176 1082 poterant.
1198 1017 1231 1060 se
1252 996 1417 1062 instruunt

302 1121 333 1174 et
361 1119 487 1176 sanctos
519 1112 576 1174 Dei
596 1119 711 1175 contra
732 1108 927 1172 insensatum
956 1105 1089 1171 furentis
1109 1104 1219 1188 populi
1240 1104 1417 1169 exercitum

302 1218 472 1284 defendere
502 1228 633 1304 parant.
675 1217 738 1281 Sed
769 1217 816 1280 vir
849 1217 904 1280 Dei
932 1216 1036 1280 statim
1058 1213 1170 1278 audito
1192 1214 1416 1278 tumultuantis

303 1327 415 1391 turbae
445 1327 584 1410 impetu,
621 1326 726 1391 accito
760 1325 805 1389 ad
832 1345 865 1389 se
898 1324 1086 1389 clericorum
1119 1322 1237 1398 choro,
1283 1322 1415 1407 sumptis
1458 1409 1461 1414 1

302 1444 487 1506 sanctorum
519 1433 676 1519 reliquiis,
708 1455 790 1519 quas
822 1453 930 1498 secum
950 1431 1166 1496 indesinenter
1186 1429 1310 1494 deferre
1332 1450 1415 1495 con·

301 1552 463 1616 sueverat,
506 1563 525 1606 e
568 1543 707 1606 tentorio
738 1541 905 1627 procedit,
946 1551 978 1605 et
1008 1540 1175 1604 confestim
1207 1538 1414 1624 increpando

301 1651 405 1734 pueris
436 1660 596 1716 certamen
625 1651 805 1728 interdixit,
838 1649 968 1714 dicens:
1012 1648 1154 1724 (lessam,
1190 1670 1211 1713 o
1242 1649 1356 1732 pueri,
1394 1670 1414 1712 a

302 1758 476 1833 conflictu,
500 1779 690 1843 pugnaeque
711 1758 864 1842 deponite
883 1756 1021 1832 bellum,
1055 1757 1213 1843 quoniam
1234 1757 1414 1840 scripturae

302 1867 482 1936 testimonio
515 1866 668 1930 veraciter
700 1864 881 1941 erudimur,
914 1885 957 1930 ne
986 1865 1105 1928 malum
1130 1883 1192 1949 pro
1213 1863 1312 1940 malo,
1353 1865 1412 1929 sed

300 1974 423 2039 bonum
455 1983 522 2059 pro'
548 1974 635 2038 malo
665 1973 843 2038 reddamus.
886 1973 955 2036 lam
988 1983 1110 2056 tempus
1141 1971 1217 2036 illud
1251 1983 1408 2057 apparet,

300 2104 368 2168 quo
399 2082 440 2148 de
472 2083 628 2149 laboriosa
648 2083 763 2148 saeculi
783 2081 874 2146 huius
895 2101 1048 2146 aerumna
1069 2080 1111 2145 ad
1134 2090 1287 2146 aeternae
1309 2081 1409 2146 beati·

299 2192 419 2258 tudinis
448 2193 566 2280 gaudia
595 2192 775 2258 invitamur.
818 2191 939 2255 Deinde
960 2191 1091 2256 clericos
1110 2209 1184 2254 suos
1204 2191 1308 2274 patria
1331 2211 1409 2258 voce

300 2301 474 2366 admonens
506 2302 569 2365 ait:
623 2298 652 2361 Ο
680 2299 738 2367 riri
769 2300 880 2364 fratrea
912 2299 1105 2375 charissimi,
1150 2298 1176 2362 si
1207 2320 1277 2384 qua
1309 2299 1409 2363 divini

300 2411 416 2473 amoris
436 2427 530 2481 cura,
554 2407 578 2469 si
599 2427 666 2490 qua
687 2406 742 2469 Dei
762 2409 916 2469 memoria
937 2417 1045 2470 manet
1065 2407 1100 2470 in
1123 2406 1230 2483 robis,
1254 2406 1409 2473 ostendito

299 2519 334 2579 in
356 2515 435 2580 hora
457 2516 634 2599 praesenti,
658 2514 833 2580 recolentes
854 2515 906 2579 illa
927 2514 1092 2582 dominica
1112 2516 1232 2582 verba:
1276 2516 1325 2581 Ne
1345 2526 1408 2582 ter·

298 2624 431 2688 reamini
463 2622 506 2688 ab
536 2623 583 2687 his
603 2622 660 2708 qui
680 2623 835 2688 occidunt
856 2642 998 2708 corpus,
1031 2624 1173 2688 animam
1193 2634 1298 2689 autem
1321 2627 1408 2692 occi·

299 2733 375 2799 dere
407 2753 477 2798 non
509 2743 662 2817 possunt.
696 2732 752 2796 sed
776 2730 917 2817 'gaudete
937 2732 973 2795 in
995 2731 1126 2796 domino
1147 2743 1178 2797 et
1198 2733 1263 2816 spei
1285 2744 1409 2799 vestrae

299 2841 476 2908 anchoram
507 2841 542 2904 in
574 2861 646 2904 eum
676 2839 818 2924 defigite,
867 2841 943 2924 qnia
974 2841 1132 2925 extemplo
1171 2839 1282 2904 reddet
1314 2841 1410 2908 nobis

298 2947 563 3014 remunerationis
603 2946 750 3040 bravium
762 2946 825 3031 (t),
873 2958 903 3011 et
947 2949 1142 3013 consortium
1184 2969 1407 3034 supernorum.

298 3057 402 3120 Nolite
441 3075 555 3140 precor
584 3054 735 3120 diuturna
767 3054 985 3122 invictissimae
1016 3059 1130 3120 mentis
1161 3057 1245 3122 bella
1277 3059 1314 3122 in
1343 3059 1407 3126 hac

295 3165 479 3250 parvissima
511 3163 642 3249 perdere
673 3162 764 3230 hora.
806 3163 910 3229 Nolite
939 3164 1070 3230 caducis
1090 3166 1272 3230 mortalium
1293 3166 1406 3232 adula-

298 3272 438 3338 tionibus
466 3272 643 3357 implicari,
664 3271 720 3336 sed
750 3271 966 3348 subitaneum,
1001 3273 1091 3358 quod
1111 3274 1273 3350 imminet,
1296 3277 1405 3340 mortis

295 3382 471 3468 periculum
499 3402 560 3466 pro
580 3381 660 3448 illius
681 3401 808 3454 amore,
841 3381 899 3466 qui
918 3402 980 3467 pro
1000 3380 1090 3448 vobis
1108 3403 1217 3466 passas
1236 3394 1299 3460 est,
1322 3405 1405 3450 oon·

296 3503 418 3559 stanter
447 3491 566 3567 subite,
611 3500 646 3554 ut
685 3511 759 3556 cum
789 3490 842 3556 illo
873 3491 1053 3575 perenniter
1083 3492 1209 3556 valeatis
1241 3497 1405 3580 regnaturi

295 3621 490 3686 permanere.
512 3601 604 3666 Tunc
615 3609 741 3666 sanctus
753 3598 903 3664 Ecbanus
913 3600 1079 3686 episcopus
1089 3622 1162 3666 curn
1175 3604 1405 3688 caeterispres·

295 3710 428 3796 byteris,
452 3707 642 3772 diaconibus
662 3718 693 3771 et
714 3707 880 3772 monachis
900 3708 1034 3772 animati
1055 3709 1157 3776 verbis
1178 3711 1243 3776 eius
1264 3713 1405 3780 orabant

295 3839 386 3893 eum,
425 3826 460 3879 ut
494 3833 700 3899 nequaquam
742 3835 761 3879 a
798 3815 939 3880 coelestis
967 3818 1214 3901 praedicationis
1245 3821 1402 3888 instantia

288 3984 435 4018 ‘'t-¹·-

331 4077 376 4146 (*)
412 4074 566 4138 Brabaum,
578 4069 862 4142 compulteriam,
877 4091 911 4127 ex
925 4073 1036 4128 Graeco
1053 4055 1218 4147 βραβεῗον.
1246 4079 1289 4137 Μ.
1307 4082 1407 4140 Matt-

295 4180 402 4233 rtrtus,
429 4171 460 4221 in
478 4169 584 4220 Lexico
607 4165 798 4239 philologico,
826 4185 856 4222 v·
873 4166 1019 4235 trabeam,
1049 4173 1119 4226 citat
1136 4172 1280 4244 bravium,
1300 4197 1316 4232 e
1335 4197 1407 4236 ver..

294 4262 372 4313 aione
391 4263 501 4330 vulgata
521 4265 534 4313 l
556 4261 623 4313 Cor.
641 4263 683 4326 ix,
703 4261 749 4325 24,
771 4268 799 4313 et
818 4259 944 4332 Philipp.
964 4275 1021 4328 111,
1043 4265 1085 4318 la.
