2950 5144
514 486 761 554 cattontcOtt.

196 667 219 728 0
238 671 340 737 ioene,
359 691 377 730 o
395 673 494 736 diram
512 678 567 737 tibi
587 677 772 738 formidabile
792 697 905 757 semper

192 769 330 850 Elossiara
348 774 485 837 lladbode
505 787 588 839 mam
608 789 672 857 post
693 780 787 838 tristia
805 781 876 841 leto.

118 981 296 1064 Quomodo
318 995 422 1052 autem
443 989 622 1056 lladbodus
642 992 698 1056 iste
718 1012 738 1054 a
760 989 890 1056 debolo
911 991 1062 1076 deeeptus
1082 992 1182 1057 dierat

16 1093 19 1162 ξ
75 1090 262 1174 praedictus
279 1089 376 1159 Onno
398 1115 527 1164 narrare
547 1099 685 1174 solebat,
709 1099 832 1166 dioens:
864 1099 1012 1166 Diabolue
1033 1099 1183 1185 apparuit

15 1190 17 1252 ἶ
75 1198 243 1266 Radbodo
275 1203 311 1266 in
331 1223 446 1270 somno
466 1207 502 1270 in
525 1209 672 1292 angelum
693 1210 771 1275 lunis
791 1209 1049 1296 transfiguratam,
1086 1217 1185 1294 oeprrt

75 1318 227 1392 opertum
245 1308 425 1377 diademate
445 1333 541 1378 aureo
562 1334 636 1380 oum
656 1315 805 1402 gemma,
837 1325 870 1380 et
897 1325 980 1380 veste
1001 1335 1080 1380 auro
1100 1335 1185 1382 eon·

78 1425 179 1481 texta.
224 1417 260 1481 In
288 1439 383 1503 mem
417 1441 492 1486 eum
513 1422 694 1488 Radbodus
715 1423 916 1499 intenderet,
950 1422 1027 1487 dixit
1049 1423 1092 1488 ad
1111 1443 1184 1488 nrm

74 1523 244 1591 diabolus:
287 1527 436 1593 Virorum
464 1530 649 1608 fortissime,
683 1532 754 1617 qrrie
786 1541 817 1595 te
848 1533 892 1596 ita
925 1529 1066 1604 seduxit,
1101 1539 1137 1594 ut
1164 1551 1183 1594 a

74 1634 202 1700 cultura
223 1635 359 1699 Deorum
379 1636 453 1701 ralis
472 1637 648 1704 recedere?
692 1639 763 1704 lloli
784 1639 888 1704 lauare
909 1638 990 1716 hoo,
1011 1636 1067 1703 sed
1087 1657 1184 1704 mene

72 1744 107 1807 in
138 1742 187 1806 his
216 1762 301 1828 quae
330 1741 486 1820 didicisti,
519 1755 550 1810 et
580 1747 682 1814 venies
714 1748 756 1812 ad
790 1747 904 1813 domos
933 1767 1069 1823 aureas,
1102 1767 1184 1833 ques

72 1851 134 1921 tibi¹
152 1853 354 1917 aeternaliter
372 1855 407 1917 in
427 1855 573 1939 proximo
593 1875 662 1920 urm
683 1855 821 1922 daturus
866 1854 942 1922 Cras
960 1876 1037 1942 ergo
1057 1875 1182 1922 souerse

72 1961 308 2026 Wudrannum
339 1961 504 2028 doctorem
537 1963 807 2040 Christianorum,
842 1975 873 2029 et
908 1964 949 2030 ab
980 1985 1020 2029 eo
1039 1983 1178 2051 maara,
1255 2047 1258 2052 Ι

70 2089 238 2154 quaenam
259 2071 297 2134 sit
318 2071 373 2135 illa·
391 2073 538 2146 mansio,
562 2093 661 2157 quam
682 2071 739 2138 tibi
760 2074 938 2158 pollicetur.
980 2075 1086 2156 Quam
1106 2095 1181 2141 eum

4 2263 5 2266 Ἴ
69 2177 294 2243 demonstrare
325 2180 520 2265 nequiverit,
554 2181 717 2266 utriusque
745 2179 843 2264 partis
873 2180 1037 2244 mittantur
1064 2181 1178 2264 legati,

68 2297 99 2351 et
135 2308 197 2372 ego
227 2307 285 2352 ero
316 2287 381 2352 dux
412 2288 553 2365 itineris,
587 2298 618 2353 et
640 2286 869 2354 demonstrabo
889 2287 947 2352 illia
967 2286 1099 2352 domum
1119 2307 1179 2351 an·

1 2453 3 2466 .
58 2417 161 2461 ¹ream
193 2405 225 2460 et
257 2397 457 2472 mansionem
486 2396 752 2482 puloherrimam,
797 2417 896 2484 quam
928 2396 985 2461 tibi
1015 2395 1178 2481 promitto.

69 2505 230 2592 Evigilaus
249 2502 429 2568 Radbodus
450 2506 590 2570 narravit
611 2516 729 2571 cuneta
752 2514 862 2571 saneto
884 2505 1100 2582 Wullranno,
1123 2505 1179 2592 qui

71 2615 172 2679 dixit:
214 2613 326 2677 Illusor
347 2611 495 2678 diabolus
516 2613 590 2688 tibi,
626 2634 648 2676 o
669 2634 743 2688 rex,
766 2614 830 2679 uult
850 2613 988 2679 illudere.
1033 2613 1178 2700 Respon-

70 2723 118 2788 dit
149 2744 223 2798 rex,
258 2743 290 2786 se
321 2723 460 2790 loturum
490 2723 717 2800 Christianum,
750 2724 774 2786 si
807 2723 859 2787 illa
889 2722 1021 2807 pulchra
1054 2725 1177 2789 mansio

68 2853 143 2897 non
175 2832 443 2897 demonstraretur
473 2831 529 2896 sibi
562 2851 580 2896 a
613 2833 679 2896 lieo
712 2851 781 2895 suo.
826 2830 957 2894 liittitur
978 2849 1054 2915 ergo
1074 2830 1177 2894 statim

1 2937 2 2948 ’
70 2940 208 3026 quidam
237 2939 322 3004 Friso
353 2947 503 3025 exparte
524 2940 623 3027 regis,
646 2949 678 3004 et
699 2939 831 3026 quidam
852 2937 1010 3004 diaconus
1029 2959 1069 3004 ex
1088 2946 1179 3022 parte

70 3047 255 3113 Wullranni
284 3049 434 3133 episcopi.
477 3048 538 3129 Qui
560 3067 634 3112 eum
655 3047 817 3133 paululum
839 3046 881 3111 ab
900 3067 939 3111 eo
961 3046 1081 3131 oppido
1101 3066 1179 3132 pro·

72 3155 249 3231 eoedsssnt,
292 3155 420 3221 obvium
450 3155 631 3220 babuerunt
663 3154 826 3240 quendam
858 3156 978 3220 itineris
1007 3157 1174 3232 oomitem,

71 3263 130 3349 qui
160 3263 239 3327 dixit
270 3262 332 3328 eis:
375 3265 549 3348 Properate
570 3265 654 3339 cito,
687 3283 762 3328 nam
794 3262 976 3328 monstrabo
997 3263 1087 3330 robis
1107 3265 1177 3350 pul·

69 3369 260 3437 uberrimam
300 3373 497 3438 mensionem
535 3372 698 3438 Radbodo
741 3372 816 3439 duci
846 3382 1080 3458 praeparatam.
1130 3373 1178 3438 llli
1244 3357 1248 3362 ¹

71 3491 178 3546 autem
209 3491 375 3568 pergentes
396 3483 479 3548 viam
513 3481 693 3546 latissimam
723 3489 754 3544 et
787 3480 859 3544 loca
879 3480 1009 3564 ignota,
1031 3480 1178 3546 viderunt

71 3589 240 3675 mandam
283 3591 367 3657 riam
399 3590 591 3657 diversorum
624 3586 791 3674 generibus
821 3605 1033 3663 marmorum,
1077 3585 1178 3670 polito

73 3717 171 3782 opere
199 3698 402 3773 decoratam.
438 3699 648 3785 videruntque
679 3716 698 3761 a
728 3697 821 3782 longe
854 3692 985 3759 domum
1006 3693 1099 3780 quasi
1120 3714 1178 3758 au-

72 3823 178 3883 ream,
200 3816 232 3872 et
250 3786 463 3893 pervenerunt
484 3807 527 3872 ed
547 3807 708 3892 plateam,
732 3825 817 3892 quae
841 3816 917 3868 ante
937 3803 1069 3868 domum
1089 3813 1176 3876 erat,

70 3916 163 4002 quasi
195 3936 277 3981 auro
305 3925 338 3980 et
365 3915 493 4002 gemmis
524 3923 665 3980 stratam.
710 3915 928 4000 latrantesque
959 3914 993 3977 in
1024 3913 1176 3988 domum,

69 4026 221 4098 viderunt
241 4027 396 4091 “domum
428 4045 492 4090 esse
525 4024 624 4089 mirae
654 4021 896 4108 pulchritudinis
928 4031 958 4084 et
989 4017 1179 4084 incredibilis

70 4132 268 4219 splendoris,
317 4143 413 4218 atque
453 4133 487 4195 in
530 4139 569 4195 'ea
614 4130 767 4192 thronum
808 4129 905 4191 mirae
937 4129 1176 4212 magnitudinis.

71 4241 164 4310 Tune
186 4244 303 4308 ductor
334 4242 451 4306 itineris
481 4244 523 4306 ait
557 4240 631 4304 illia:
675 4237 761 4302 llaec
783 4245 826 4302 est
849 4236 968 4302 mansio
990 4251 1176 4326 praeparata
