2950 5144
480 499 728 566 CllRONlCON.
1117 503 1155 568 bl

17 637 21 652 ⁸
47 664 241 730 orientalem
263 665 433 730 Franciam
455 666 566 734 adiens
597 668 797 734 Aureateusis
829 670 892 734 sire
913 669 1157 756 llystatena'al·)

46 775 218 860 episcopus
248 775 351 838 lactus
372 783 427 840 est.
470 776 609 841 Sanctus
629 775 831 842 Winibaldus
859 777 954 842 frater
975 776 1041 842 eius
1061 777 1160 842 Heiu-

2 865 4 932 Ῡ
47 882 242 948 delameusis
263 881 362 946 abbas
382 892 428 948 est
449 883 630 957 ordinatus.
644 904 782 971 quorum
803 905 956 971 gemeus
976 885 1159 949 luitaancta

2 1041 3 1046 η
47 989 237 1077 walburgis
269 989 368 1074 virgo.
412 989 571 1054 Lebuiuus
601 991 755 1077 siquidem
781 993 817 1056 iu
850 991 996 1058 orientali
1026 991 1159 1056 Francia

29 1097 278 1182 'pontificatum
300 1096 450 1182 adeptus.
463 1099 615 1184 martyrio
634 1120 736 1184 prope
756 1100 947 1165 (laudarum
969 1108 1158 1164 coronatur.

48 1207 120 1270 lluo
154 1203 289 1292 quidem
311 1205 434 1272 Ewaldi
454 1205 588 1271 [labium
602 1207 652 1292 (†)
686 1208 815 1292 ingressi
845 1206 1000 1272 Christum
1031 1203 1160 1290 praedi·

50 1314 162 1380 cando
196 1313 329 1379 confessi
362 1325 454 1391 suut,
478 1315 534 1399 qui
565 1313 681 1379 abinde
703 1314 907 1380 ascendeutes
928 1314 962 1377 iu
984 1313 1158 1379 saxoniam

48 1422 211 1508 martyrio
242 1423 383 1486 coronati
413 1432 498 1488 mut.
540 1423 575 1488 S.
596 1421 816 1488 Wereufridus
836 1421 998 1507 presbyter
1018 1429 1049 1485 et
1070 1441 1160 1504 egre·

48 1531 123 1618 gius
150 1528 351 1614 praedicator
372 1548 476 1595 versus
507 1531 639 1595 Betuam
659 1531 767 1594 missus
787 1531 946 1596 novellum
967 1528 1078 1596 Christi
1099 1548 1159 1614 po·

50 1639 161 1723 pulum
184 1637 215 1702 iu
236 1636 447 1702 Westervoert
468 1648 500 1703 et
520 1638 554 1702 iu
575 1637 694 1702 liuibua
713 1637 771 1702 illis
790 1637 919 1704 feliciter
940 1640 1033 1719 rexit3
1054 1648 1086 1704 et
1107 1638 1159 1702 in-

50 1746 148 1814 finitis
193 1745 384 1811 clarificatus
417 1745 572 1810 miraculis
605 1755 669 1810 tam
698 1747 733 1810 iu
764 1746 827 1812 vita
858 1769 957 1833 mam
990 1749 1023 1811 iu
1055 1755 1160 1812 morte

51 1853 155 1920 idibus
176 1853 368 1939 Septembris
388 1852 476 1938 apud
494 1853 708 1920 Westervoert
729 1854 871 1938 spiritum
892 1856 1032 1922 Creatori
1053 1855 1161 1920 raddi-

51 1963 117 2039 dit.
153 1971 185 2027 et
214 1963 249 2026 iu
271 1962 335 2026 lllst
364 1962 550 2028 miraculose
582 1963 764 2030 tumulatur.
808 1962 945 2029 Sanctus
974 1962 1160 2030 Adelbertus

49 2071 147 2138 levita
180 2091 217 2136 eo
237 2072 356 2156 primus
377 2069 619 2136 archidiaconus
650 2071 800 2135 ecelesiae
820 2070 1043 2148 Traieetenaia.
1077 2073 1160 2137 filius

50 2178 211 2246 Edilbaldi
234 2179 313 2264 regis
334 2179 516 2253 Deirorum.
539 2178 594 2244 lilii
615 2178 719 2243 sancti
740 2176 897 2245 Oesweldi
923 2175 1003 2262 regia
1022 2188 1053 2242 at
1074 2199 1161 2243 mar·

1 2324 2 2329 κ
51 2291 139 2364 tirio,
162 2289 197 2353 iu
218 2287 386 2373 Egmouda
406 2287 442 2350 iu
475 2284 645 2352 llollaudia
668 2285 840 2351 oratorium
862 2292 1065 2360 construens,
1088 2293 1160 2370 post

50 2397 225 2462 multorum
245 2413 445 2481 paganorum
476 2391 719 2459 couversionem
749 2401 781 2456 et
811 2390 1003 2457 laudabilem
1033 2403 1161 2459 sanctae

50 2507 135 2571 ritae
168 2502 464 2576 conversationem,
498 2499 604 2564 multia
636 2499 739 2566 clarata
769 2499 946 2577 miraculis.
981 2500 1062 2568 felici
1093 2502 1161 2567 fine

51 2613 209 2700 requierit
241 2612 277 2675 in
311 2610 448 2674 Domino
491 2609 623 2694 septimo
655 2607 806 2674 calendae
834 2608 926 2686 Iulii,
958 2610 1096 2696 sepultus
1125 2610 1160 2674 iu

1 2807 2 2818 ἵ
50 2719 237 2810 Egmcuda.
281 2719 481 2784 Marcellinus
501 2727 607 2782 autem
629 2715 790 2802 presbyter
810 2718 919 2781 missus
939 2727 984 2782 eat
1006 2738 1025 2780 a
1046 2727 1162 2783 sancto

1 2821 2 2886 3
52 2829 266 2896 Willibrordo
297 2828 346 2892 'etl
377 2836 483 2912 partes
522 2825 764 2911 Trauayselanas
801 2834 833 2890 et
862 2825 941 2890 rexit
973 2823 1159 2900 bldenaeel‚

1 3001 2 3020 1
52 2940 223 3014 Treutam,
246 2937 433 3010 Tarentum.
448 2933 638 3001 Gorordiam
659 2954 699 2999 ac
721 2933 936 3012 Darentrium,
958 2942 989 2997 et
1012 2933 1066 2997 Dei
1087 2949 1164 3014 pro·

53 3046 193 3115 ridentia
216 3054 317 3109 totum
338 3044 444 3129 ferme,
467 3042 622 3127 populum
644 3041 765 3107 Christo
785 3040 1003 3126 praedicando
1024 3043 1163 3107 lucratus

55 3163 124 3230 est,
160 3163 191 3216 et
212 3152 353 3238 purgavit
387 3150 517 3216 acultu
550 3151 725 3214 idolatriae.
771 3149 885 3215 Scribit
907 3160 1013 3214 autem
1033 3162 1164 3218 sancttu

1 3259 2 3269 ’
57 3262 219 3348 Ludgerus
248 3261 366 3344 primus
407 3257 572 3341 episcopus
601 3254 853 3346 llouusterienais
883 3258 925 3322 ad
957 3259 1164 3324 venerabilem

58 3369 239 3436 Rixlridum
251 3363 454 3432 Traiectensis
474 3364 625 3430 ecclesiae
644 3365 829 3450 episcopum
851 3365 891 3430 de
910 3377 1025 3432 sancto
1041 3367 1165 3431 llarce·

58 3478 121 3543 lino
143 3478 208 3542 sic:
230 3476 419 3540 blarceliuus
438 3475 577 3560 egregius
597 3474 861 3559 presbyterultra
873 3475 924 3537 lxx
936 3494 1051 3550 anuos,
1065 3496 1166 3540 evau-

58 3585 228 3674 gelieaudo
249 3585 406 3650 ferventer
427 3582 602 3658 Christum,
636 3581 772 3666 praefuit
792 3581 926 3667 paganis
946 3591 977 3645 et
998 3580 1166 3676 geutilibus

58 3713 214 3779 magnam
232 3700 358 3777 partem
378 3691 491 3756 Friaiae
512 3687 736 3756 convertendo.
783 3686 845 3753 Sed
865 3708 906 3753 eo
927 3698 1057 3774 propter
1076 3710 1166 3754 suam

96 3900 143 3969 (a)
181 3898 381 3954 tlaiatatanaia.
416 3894 977 3961 to.naBexA‚eonl.W11..lleoa·
1014 3926 1019 3938 ι

99 3993 156 4064 (†)
196 3994 321 4048 Nabim
336 3999 421 4049 vocat
437 3989 679 4044 Maacaeoauua
696 3989 727 4040 in
744 3989 805 4045 rita
825 3987 1019 4054 Surenam,
1037 3997 1066 4042 et
1083 4007 1116 4043 ax
1133 4008 1166 4042 eo

61 4085 124 4139 alii.
162 4085 352 4140 Bucnemus
380 4084 416 4138 ad
441 4081 556 4136 era.
585 4081 689 4145 Haut,
716 4099 746 4149 p.
775 4079 819 4132 32.
856 4079 902 4132 Cf.
930 4065 1169 4140 eundemad'lo.

61 4193 104 4233 ua
136 4178 242 4246 berra,
271 4199 301 4248 p.
330 4176 374 4231 13.
419 4175 595 4231 Voaraaos
624 4174 739 4226 Baxala
767 4173 907 4240 sequitur.
953 4172 1089 4244 suspicor
1114 4196 1168 4248 pro

62 4269 183 4326 nubium
202 4272 322 4342 (omissa
339 4268 506 4340 maiuscula)
526 4265 672 4336 legendum
691 4279 750 4320 ease
772 4261 918 4316 &abiem
