<?xml version="1.0" encoding="UTF-8"?>
<!DOCTYPE html PUBLIC "-//W3C//DTD XHTML 1.0 Transitional//EN"
    "http://www.w3.org/TR/xhtml1/DTD/xhtml1-transitional.dtd">
<html xmlns="http://www.w3.org/1999/xhtml" xml:lang="en" lang="en">
 <head>
  <title>
</title>
<meta http-equiv="Content-Type" content="text/html;charset=utf-8" />
  <meta name='ocr-system' content='tesseract 3.04.00' />
  <meta name='ocr-capabilities' content='ocr_page ocr_carea ocr_par ocr_line ocrx_word'/>
</head>
<body>
  <div class='ocr_page' id='page_1' title='image "./worperityaerdae00worpgoog_0074.png"; bbox 0 0 2950 5144; ppageno 0'>
   <div class='ocr_carea' id='block_1_1' title="bbox 314 491 977 559">
    <p class='ocr_par' dir='ltr' id='par_1_1' title="bbox 314 491 977 559">
     <span class='ocr_line' id='line_1_1' title="bbox 314 491 977 559; baseline -0.003 -1"><span class='ocrx_word' id='word_1_1' title='bbox 314 497 358 559; x_wconf 78' lang='lat'><strong>62</strong></span> <span class='ocrx_word' id='word_1_2' title='bbox 755 491 977 556; x_wconf 64' lang='lat' dir='ltr'><strong>Wottttultl</strong></span> 
     </span>
    </p>
   </div>
   <div class='ocr_carea' id='block_1_2' title="bbox 205 656 1468 3877">
    <p class='ocr_par' dir='ltr' id='par_1_2' title="bbox 314 656 1468 1396">
     <span class='ocr_line' id='line_1_2' title="bbox 318 656 1424 744; baseline -0.002 -20"><span class='ocrx_word' id='word_1_3' title='bbox 318 660 561 727; x_wconf 74' lang='lat' dir='ltr'><strong>imbecillitatem</strong></span> <span class='ocrx_word' id='word_1_4' title='bbox 595 660 852 744; x_wconf 70' lang='lat' dir='ltr'><strong>decrepitamque</strong></span> <span class='ocrx_word' id='word_1_5' title='bbox 883 666 1016 722; x_wconf 75' lang='lat' dir='ltr'><strong>aetatem</strong></span> <span class='ocrx_word' id='word_1_6' title='bbox 1037 678 1076 722; x_wconf 89' lang='lat' dir='ltr'><strong>ex</strong></span> <span class='ocrx_word' id='word_1_7' title='bbox 1097 658 1191 723; x_wconf 85' lang='lat' dir='ltr'><strong>Frisia</strong></span> <span class='ocrx_word' id='word_1_8' title='bbox 1211 656 1256 721; x_wconf 90' lang='lat' dir='ltr'><strong>ad</strong></span> <span class='ocrx_word' id='word_1_9' title='bbox 1278 675 1424 722; x_wconf 84' lang='lat' dir='ltr'><strong>conven-</strong></span> 
     </span>
     <span class='ocr_line' id='line_1_3' title="bbox 317 765 1424 853; baseline -0.002 -20"><span class='ocrx_word' id='word_1_10' title='bbox 317 781 384 833; x_wconf 93' lang='lat' dir='ltr'><strong>tum</strong></span> <span class='ocrx_word' id='word_1_11' title='bbox 405 769 637 834; x_wconf 81' lang='lat' dir='ltr'><strong>Traiectensem</strong></span> <span class='ocrx_word' id='word_1_12' title='bbox 667 787 724 853; x_wconf 91' lang='lat' dir='ltr'><strong>per</strong></span> <span class='ocrx_word' id='word_1_13' title='bbox 750 775 899 831; x_wconf 87' lang='lat' dir='ltr'><strong>sanetum</strong></span> <span class='ocrx_word' id='word_1_14' title='bbox 920 765 1103 851; x_wconf 81' lang='lat' dir='ltr'><strong>Gregorium</strong></span> <span class='ocrx_word' id='word_1_15' title='bbox 1124 765 1308 850; x_wconf 90' lang='lat' dir='ltr'><strong>episcopum</strong></span> <span class='ocrx_word' id='word_1_16' title='bbox 1332 786 1424 831; x_wconf 83' lang='lat' dir='ltr'><strong>revo-</strong></span> 
     </span>
     <span class='ocr_line' id='line_1_4' title="bbox 315 873 1423 961; baseline -0.005 -18"><span class='ocrx_word' id='word_1_17' title='bbox 315 887 407 956; x_wconf 84' lang='lat' dir='ltr'><strong>cato,</strong></span> <span class='ocrx_word' id='word_1_18' title='bbox 440 877 530 942; x_wconf 88' lang='lat' dir='ltr'><strong>multi</strong></span> <span class='ocrx_word' id='word_1_19' title='bbox 558 897 660 961; x_wconf 84' lang='lat' dir='ltr'><strong>prope</strong></span> <span class='ocrx_word' id='word_1_20' title='bbox 692 875 875 949; x_wconf 81' lang='lat' dir='ltr'><strong>Aldenseel,</strong></span> <span class='ocrx_word' id='word_1_21' title='bbox 910 874 945 938; x_wconf 93' lang='lat' dir='ltr'><strong>in</strong></span> <span class='ocrx_word' id='word_1_22' title='bbox 975 873 1090 950; x_wconf 80' lang='lat' dir='ltr'><strong>Frisia,</strong></span> <span class='ocrx_word' id='word_1_23' title='bbox 1123 883 1155 938; x_wconf 88' lang='lat' dir='ltr'><strong>et</strong></span> <span class='ocrx_word' id='word_1_24' title='bbox 1175 873 1210 936; x_wconf 92' lang='lat' dir='ltr'><strong>in</strong></span> <span class='ocrx_word' id='word_1_25' title='bbox 1235 873 1423 940; x_wconf 89' lang='lat' dir='ltr'><strong>confinibus</strong></span> 
     </span>
     <span class='ocr_line' id='line_1_5' title="bbox 314 973 1467 1072; baseline -0.005 -20"><span class='ocrx_word' id='word_1_26' title='bbox 314 986 400 1066; x_wconf 84' lang='lat' dir='ltr'><strong>eius,</strong></span> <span class='ocrx_word' id='word_1_27' title='bbox 436 985 587 1072; x_wconf 77' lang='lat' dir='ltr'><strong>neglectis</strong></span> <span class='ocrx_word' id='word_1_28' title='bbox 605 983 806 1052; x_wconf 88' lang='lat' dir='ltr'><strong>sacramentis</strong></span> <span class='ocrx_word' id='word_1_29' title='bbox 834 982 932 1056; x_wconf 88' lang='lat' dir='ltr'><strong>fidei,</strong></span> <span class='ocrx_word' id='word_1_30' title='bbox 963 979 1078 1067; x_wconf 89' lang='lat' dir='ltr'><strong>quibus</strong></span> <span class='ocrx_word' id='word_1_31' title='bbox 1109 989 1199 1046; x_wconf 90' lang='lat' dir='ltr'><strong>erant</strong></span> <span class='ocrx_word' id='word_1_32' title='bbox 1228 979 1359 1046; x_wconf 75' lang='lat' dir='ltr'><strong>ielirriter</strong></span> <span class='ocrx_word' id='word_1_33' title='bbox 1381 981 1424 1046; x_wconf 88' lang='lat' dir='ltr'><strong>ab</strong></span> <span class='ocrx_word' id='word_1_34' title='bbox 1465 973 1467 1060; x_wconf 67' lang='lat' dir='ltr'><strong>i</strong></span> 
     </span>
     <span class='ocr_line' id='line_1_6' title="bbox 314 1087 1468 1176; baseline -0.004 -18"><span class='ocrx_word' id='word_1_35' title='bbox 314 1114 355 1158; x_wconf 86' lang='lat' dir='ltr'><strong>eo</strong></span> <span class='ocrx_word' id='word_1_36' title='bbox 376 1091 509 1170; x_wconf 88' lang='lat' dir='ltr'><strong>imbuti,</strong></span> <span class='ocrx_word' id='word_1_37' title='bbox 545 1093 589 1158; x_wconf 92' lang='lat' dir='ltr'><strong>ad</strong></span> <span class='ocrx_word' id='word_1_38' title='bbox 610 1091 744 1157; x_wconf 87' lang='lat' dir='ltr'><strong>erratica</strong></span> <span class='ocrx_word' id='word_1_39' title='bbox 765 1091 925 1156; x_wconf 90' lang='lat' dir='ltr'><strong>idolorum</strong></span> <span class='ocrx_word' id='word_1_40' title='bbox 945 1089 1023 1152; x_wconf 87' lang='lat' dir='ltr'><strong>iana</strong></span> <span class='ocrx_word' id='word_1_41' title='bbox 1044 1098 1077 1153; x_wconf 87' lang='lat' dir='ltr'><strong>et</strong></span> <span class='ocrx_word' id='word_1_42' title='bbox 1096 1087 1290 1174; x_wconf 80' lang='lat' dir='ltr'><strong>phylacteria</strong></span> <span class='ocrx_word' id='word_1_43' title='bbox 1309 1087 1424 1154; x_wconf 87' lang='lat' dir='ltr'><strong>demo·</strong></span> <span class='ocrx_word' id='word_1_44' title='bbox 1466 1107 1468 1176; x_wconf 62' lang='grc' dir='ltr'><strong><em>ζ</em></strong></span> 
     </span>
     <span class='ocr_line' id='line_1_7' title="bbox 316 1193 1468 1285; baseline -0.011 -18"><span class='ocrx_word' id='word_1_45' title='bbox 316 1203 431 1268; x_wconf 87' lang='lat' dir='ltr'><strong>niaoae</strong></span> <span class='ocrx_word' id='word_1_46' title='bbox 451 1202 527 1269; x_wconf 87' lang='lat' dir='ltr'><strong>artis</strong></span> <span class='ocrx_word' id='word_1_47' title='bbox 545 1223 579 1268; x_wconf 91' lang='lat' dir='ltr'><strong>se</strong></span> <span class='ocrx_word' id='word_1_48' title='bbox 599 1201 815 1267; x_wconf 86' lang='lat' dir='ltr'><strong>contulerunt.</strong></span> <span class='ocrx_word' id='word_1_49' title='bbox 858 1198 909 1262; x_wconf 81' lang='lat' dir='ltr'><strong>Ad</strong></span> <span class='ocrx_word' id='word_1_50' title='bbox 938 1219 1076 1284; x_wconf 88' lang='lat' dir='ltr'><strong>quorum</strong></span> <span class='ocrx_word' id='word_1_51' title='bbox 1097 1218 1237 1263; x_wconf 85' lang='lat' dir='ltr'><strong>errorem</strong></span> <span class='ocrx_word' id='word_1_52' title='bbox 1257 1199 1423 1285; x_wconf 68' lang='lat' dir='ltr'><strong>corrigen·</strong></span> <span class='ocrx_word' id='word_1_53' title='bbox 1466 1193 1468 1254; x_wconf 79' lang='grc' dir='ltr'>ἑ</span> 
     </span>
     <span class='ocr_line' id='line_1_8' title="bbox 316 1302 1423 1396; baseline -0.003 -22"><span class='ocrx_word' id='word_1_54' title='bbox 316 1309 394 1375; x_wconf 91' lang='lat' dir='ltr'><strong>dum</strong></span> <span class='ocrx_word' id='word_1_55' title='bbox 429 1309 472 1374; x_wconf 90' lang='lat' dir='ltr'><strong>ab</strong></span> <span class='ocrx_word' id='word_1_56' title='bbox 493 1308 649 1396; x_wconf 77' lang='lat' dir='ltr'><strong>aliquibus</strong></span> <span class='ocrx_word' id='word_1_57' title='bbox 667 1308 783 1373; x_wconf 87' lang='lat' dir='ltr'><strong>incolis</strong></span> <span class='ocrx_word' id='word_1_58' title='bbox 802 1305 984 1372; x_wconf 86' lang='lat' dir='ltr'><strong>Christianis</strong></span> <span class='ocrx_word' id='word_1_59' title='bbox 1004 1302 1142 1372; x_wconf 87' lang='lat' dir='ltr'><strong>eiusdem</strong></span> <span class='ocrx_word' id='word_1_60' title='bbox 1161 1306 1363 1391; x_wconf 70' lang='lat' dir='ltr'><strong>provinciae,</strong></span> <span class='ocrx_word' id='word_1_61' title='bbox 1386 1318 1423 1371; x_wconf 93' lang='lat' dir='ltr'><strong>ut</strong></span> 
     </span>
    </p>

    <p class='ocr_par' dir='ltr' id='par_1_3' title="bbox 205 1409 1468 3667">
     <span class='ocr_line' id='line_1_9' title="bbox 205 1409 1468 1501; baseline -0.002 -18"><span class='ocrx_word' id='word_1_62' title='bbox 205 1419 215 1446; x_wconf 83' lang='lat'><strong><em>‘</em></strong></span> <span class='ocrx_word' id='word_1_63' title='bbox 316 1416 458 1483; x_wconf 80' lang='lat' dir='ltr'><strong>celeriter</strong></span> <span class='ocrx_word' id='word_1_64' title='bbox 479 1409 593 1482; x_wconf 85' lang='lat' dir='ltr'><strong>rediret</strong></span> <span class='ocrx_word' id='word_1_65' title='bbox 615 1416 658 1480; x_wconf 84' lang='lat' dir='ltr'><strong>ed</strong></span> <span class='ocrx_word' id='word_1_66' title='bbox 678 1415 747 1479; x_wconf 90' lang='lat' dir='ltr'><strong>illos</strong></span> <span class='ocrx_word' id='word_1_67' title='bbox 768 1413 924 1498; x_wconf 87' lang='lat' dir='ltr'><strong>perfidos,</strong></span> <span class='ocrx_word' id='word_1_68' title='bbox 948 1413 1104 1480; x_wconf 87' lang='lat' dir='ltr'><strong>humiliter</strong></span> <span class='ocrx_word' id='word_1_69' title='bbox 1124 1414 1303 1501; x_wconf 88' lang='lat' dir='ltr'><strong>requisitus,</strong></span> <span class='ocrx_word' id='word_1_70' title='bbox 1329 1425 1360 1480; x_wconf 89' lang='lat' dir='ltr'><strong>et</strong></span> <span class='ocrx_word' id='word_1_71' title='bbox 1382 1414 1423 1480; x_wconf 82' lang='lat' dir='ltr'><strong>sb</strong></span> <span class='ocrx_word' id='word_1_72' title='bbox 1467 1461 1468 1468; x_wconf 40' lang='lat'><strong>,</strong></span> 
     </span>
     <span class='ocr_line' id='line_1_10' title="bbox 317 1522 1423 1609; baseline -0.002 -19"><span class='ocrx_word' id='word_1_73' title='bbox 317 1526 430 1590; x_wconf 88' lang='lat' dir='ltr'><strong>eodem</strong></span> <span class='ocrx_word' id='word_1_74' title='bbox 452 1525 604 1609; x_wconf 77' lang='lat' dir='ltr'><strong>Gregorio</strong></span> <span class='ocrx_word' id='word_1_75' title='bbox 625 1523 777 1608; x_wconf 89' lang='lat' dir='ltr'><strong>episcopo</strong></span> <span class='ocrx_word' id='word_1_76' title='bbox 799 1522 842 1586; x_wconf 90' lang='lat' dir='ltr'><strong>ad</strong></span> <span class='ocrx_word' id='word_1_77' title='bbox 860 1523 930 1586; x_wconf 89' lang='lat' dir='ltr'><strong>illos</strong></span> <span class='ocrx_word' id='word_1_78' title='bbox 950 1523 1058 1587; x_wconf 75' lang='lat' dir='ltr'><strong>miscis</strong></span> <span class='ocrx_word' id='word_1_79' title='bbox 1078 1532 1112 1588; x_wconf 86' lang='lat' dir='ltr'><strong>et</strong></span> <span class='ocrx_word' id='word_1_80' title='bbox 1131 1523 1284 1599; x_wconf 89' lang='lat' dir='ltr'><strong>directus,</strong></span> <span class='ocrx_word' id='word_1_81' title='bbox 1297 1543 1354 1588; x_wconf 90' lang='lat' dir='ltr'><strong>eos</strong></span> <span class='ocrx_word' id='word_1_82' title='bbox 1366 1543 1423 1588; x_wconf 85' lang='lat' dir='ltr'><strong>sus</strong></span> 
     </span>
     <span class='ocr_line' id='line_1_11' title="bbox 316 1628 1422 1716; baseline 0.001 -22"><span class='ocrx_word' id='word_1_83' title='bbox 316 1632 477 1696; x_wconf 85' lang='lat' dir='ltr'><strong>lmotiiera</strong></span> <span class='ocrx_word' id='word_1_84' title='bbox 508 1630 751 1716; x_wconf 88' lang='lat' dir='ltr'><strong>praedicatione</strong></span> <span class='ocrx_word' id='word_1_85' title='bbox 771 1628 813 1694; x_wconf 91' lang='lat' dir='ltr'><strong>ad</strong></span> <span class='ocrx_word' id='word_1_86' title='bbox 848 1629 931 1694; x_wconf 83' lang='lat' dir='ltr'><strong>riam</strong></span> <span class='ocrx_word' id='word_1_87' title='bbox 953 1630 1090 1696; x_wconf 82' lang='lat' dir='ltr'><strong>veritatis</strong></span> <span class='ocrx_word' id='word_1_88' title='bbox 1111 1630 1222 1696; x_wconf 91' lang='lat' dir='ltr'><strong>denuo</strong></span> <span class='ocrx_word' id='word_1_89' title='bbox 1242 1633 1422 1708; x_wconf 78' lang='lat' dir='ltr'><strong>revocarit,</strong></span> 
     </span>
     <span class='ocr_line' id='line_1_12' title="bbox 316 1737 1425 1826; baseline 0.001 -23"><span class='ocrx_word' id='word_1_90' title='bbox 316 1741 372 1826; x_wconf 90' lang='lat' dir='ltr'><strong>qui</strong></span> <span class='ocrx_word' id='word_1_91' title='bbox 402 1740 498 1804; x_wconf 88' lang='lat' dir='ltr'><strong>etiam</strong></span> <span class='ocrx_word' id='word_1_92' title='bbox 528 1741 563 1803; x_wconf 90' lang='lat' dir='ltr'><strong>in</strong></span> <span class='ocrx_word' id='word_1_93' title='bbox 586 1739 658 1803; x_wconf 85' lang='lat' dir='ltr'><strong>rico</strong></span> <span class='ocrx_word' id='word_1_94' title='bbox 678 1738 825 1803; x_wconf 81' lang='lat' dir='ltr'><strong>Doclrum</strong></span> <span class='ocrx_word' id='word_1_95' title='bbox 845 1737 972 1822; x_wconf 88' lang='lat' dir='ltr'><strong>publice</strong></span> <span class='ocrx_word' id='word_1_96' title='bbox 992 1757 1104 1804; x_wconf 86' lang='lat' dir='ltr'><strong>coram</strong></span> <span class='ocrx_word' id='word_1_97' title='bbox 1124 1737 1300 1816; x_wconf 82' lang='lat' dir='ltr'><strong>llsddone,</strong></span> <span class='ocrx_word' id='word_1_98' title='bbox 1325 1739 1425 1804; x_wconf 86' lang='lat' dir='ltr'><strong>Tran-</strong></span> 
     </span>
     <span class='ocr_line' id='line_1_13' title="bbox 316 1845 1424 1934; baseline -0.003 -20"><span class='ocrx_word' id='word_1_99' title='bbox 316 1848 437 1934; x_wconf 77' lang='lat' dir='ltr'><strong>burgo,</strong></span> <span class='ocrx_word' id='word_1_100' title='bbox 483 1847 640 1922; x_wconf 86' lang='lat' dir='ltr'><strong>ilenrico,</strong></span> <span class='ocrx_word' id='word_1_101' title='bbox 688 1846 830 1912; x_wconf 87' lang='lat' dir='ltr'><strong>Gerardo</strong></span> <span class='ocrx_word' id='word_1_102' title='bbox 862 1856 894 1910; x_wconf 90' lang='lat' dir='ltr'><strong>et</strong></span> <span class='ocrx_word' id='word_1_103' title='bbox 925 1845 1083 1933; x_wconf 80' lang='lat' dir='ltr'><strong>Adalgero</strong></span> <span class='ocrx_word' id='word_1_104' title='bbox 1115 1847 1246 1934; x_wconf 81' lang='lat' dir='ltr'><strong>ubisque</strong></span> <span class='ocrx_word' id='word_1_105' title='bbox 1275 1847 1424 1912; x_wconf 80' lang='lat' dir='ltr'><strong>iratribus</strong></span> 
     </span>
     <span class='ocr_line' id='line_1_14' title="bbox 315 1954 1424 2041; baseline -0.001 -21"><span class='ocrx_word' id='word_1_106' title='bbox 315 1956 472 2041; x_wconf 84' lang='lat' dir='ltr'><strong>praedixit</strong></span> <span class='ocrx_word' id='word_1_107' title='bbox 492 1957 692 2040; x_wconf 80' lang='lat' dir='ltr'><strong>episcopatus</strong></span> <span class='ocrx_word' id='word_1_108' title='bbox 711 1954 834 2019; x_wconf 87' lang='lat' dir='ltr'><strong>bonore</strong></span> <span class='ocrx_word' id='word_1_109' title='bbox 855 1973 907 2018; x_wconf 89' lang='lat' dir='ltr'><strong>me</strong></span> <span class='ocrx_word' id='word_1_110' title='bbox 917 1954 1152 2019; x_wconf 75' lang='lat' dir='ltr'><strong>sublimandum</strong></span> <span class='ocrx_word' id='word_1_111' title='bbox 1172 1965 1204 2020; x_wconf 89' lang='lat' dir='ltr'><strong>et</strong></span> <span class='ocrx_word' id='word_1_112' title='bbox 1224 1955 1348 2039; x_wconf 91' lang='lat' dir='ltr'><strong>populis</strong></span> <span class='ocrx_word' id='word_1_113' title='bbox 1367 1975 1424 2019; x_wconf 88' lang='lat' dir='ltr'><strong>ru·</strong></span> 
     </span>
     <span class='ocr_line' id='line_1_15' title="bbox 316 2062 1422 2145; baseline -0.002 -16"><span class='ocrx_word' id='word_1_114' title='bbox 316 2064 407 2129; x_wconf 90' lang='lat' dir='ltr'><strong>dibus</strong></span> <span class='ocrx_word' id='word_1_115' title='bbox 438 2062 533 2129; x_wconf 83' lang='lat' dir='ltr'><strong>rerba</strong></span> <span class='ocrx_word' id='word_1_116' title='bbox 565 2063 648 2129; x_wconf 83' lang='lat' dir='ltr'><strong>ritae</strong></span> <span class='ocrx_word' id='word_1_117' title='bbox 676 2063 935 2128; x_wconf 82' lang='lat' dir='ltr'><strong>ministraturum.</strong></span> <span class='ocrx_word' id='word_1_118' title='bbox 978 2063 1069 2145; x_wconf 88' lang='lat' dir='ltr'><strong>Quae</strong></span> <span class='ocrx_word' id='word_1_119' title='bbox 1089 2065 1200 2130; x_wconf 92' lang='lat' dir='ltr'><strong>omnia</strong></span> <span class='ocrx_word' id='word_1_120' title='bbox 1220 2064 1331 2129; x_wconf 82' lang='lat' dir='ltr'><strong>sortita</strong></span> <span class='ocrx_word' id='word_1_121' title='bbox 1351 2073 1422 2128; x_wconf 77' lang='lat' dir='ltr'><strong>erint</strong></span> 
     </span>
     <span class='ocr_line' id='line_1_16' title="bbox 315 2172 1422 2256; baseline -0.003 -18"><span class='ocrx_word' id='word_1_122' title='bbox 315 2173 483 2247; x_wconf 83' lang='lat' dir='ltr'><strong>effectum,</strong></span> <span class='ocrx_word' id='word_1_123' title='bbox 515 2182 551 2235; x_wconf 92' lang='lat' dir='ltr'><strong>ut</strong></span> <span class='ocrx_word' id='word_1_124' title='bbox 583 2172 617 2235; x_wconf 92' lang='lat' dir='ltr'><strong>in</strong></span> <span class='ocrx_word' id='word_1_125' title='bbox 638 2172 887 2256; x_wconf 84' lang='lat' dir='ltr'><strong>praesentiarum</strong></span> <span class='ocrx_word' id='word_1_126' title='bbox 908 2172 1019 2237; x_wconf 85' lang='lat' dir='ltr'><strong>cernis.</strong></span> <span class='ocrx_word' id='word_1_127' title='bbox 1063 2173 1230 2238; x_wconf 87' lang='lat' dir='ltr'><strong>Praeterea</strong></span> <span class='ocrx_word' id='word_1_128' title='bbox 1251 2173 1329 2236; x_wconf 91' lang='lat' dir='ltr'><strong>dum</strong></span> <span class='ocrx_word' id='word_1_129' title='bbox 1349 2186 1422 2236; x_wconf 86' lang='lat' dir='ltr'><strong>cur·</strong></span> 
     </span>
     <span class='ocr_line' id='line_1_17' title="bbox 315 2279 1423 2364; baseline 0 -20"><span class='ocrx_word' id='word_1_130' title='bbox 315 2301 386 2344; x_wconf 91' lang='lat' dir='ltr'><strong>rum</strong></span> <span class='ocrx_word' id='word_1_131' title='bbox 417 2279 599 2346; x_wconf 86' lang='lat' dir='ltr'><strong>ascenderet</strong></span> <span class='ocrx_word' id='word_1_132' title='bbox 629 2279 671 2343; x_wconf 92' lang='lat' dir='ltr'><strong>ad</strong></span> <span class='ocrx_word' id='word_1_133' title='bbox 694 2280 905 2364; x_wconf 79' lang='lat' dir='ltr'><strong>aurigandum</strong></span> <span class='ocrx_word' id='word_1_134' title='bbox 927 2279 1096 2344; x_wconf 79' lang='lat' dir='ltr'><strong>didenzeel</strong></span> <span class='ocrx_word' id='word_1_135' title='bbox 1118 2300 1242 2356; x_wconf 83' lang='lat' dir='ltr'><strong>versus,</strong></span> <span class='ocrx_word' id='word_1_136' title='bbox 1275 2279 1423 2344; x_wconf 88' lang='lat' dir='ltr'><strong>omnibus</strong></span> 
     </span>
     <span class='ocr_line' id='line_1_18' title="bbox 314 2385 1421 2473; baseline 0 -21"><span class='ocrx_word' id='word_1_137' title='bbox 314 2390 413 2453; x_wconf 81' lang='lat' dir='ltr'><strong>ferme</strong></span> <span class='ocrx_word' id='word_1_138' title='bbox 455 2385 603 2451; x_wconf 86' lang='lat' dir='ltr'><strong>iratribus</strong></span> <span class='ocrx_word' id='word_1_139' title='bbox 646 2396 827 2452; x_wconf 83' lang='lat' dir='ltr'><strong>conventus</strong></span> <span class='ocrx_word' id='word_1_140' title='bbox 858 2387 1062 2452; x_wconf 82' lang='lat' dir='ltr'><strong>Traiectensis</strong></span> <span class='ocrx_word' id='word_1_141' title='bbox 1091 2409 1216 2453; x_wconf 86' lang='lat' dir='ltr'><strong>mecum</strong></span> <span class='ocrx_word' id='word_1_142' title='bbox 1248 2389 1350 2473; x_wconf 81' lang='lat' dir='ltr'><strong>ipmm</strong></span> <span class='ocrx_word' id='word_1_143' title='bbox 1380 2389 1421 2453; x_wconf 90' lang='lat' dir='ltr'><strong>ad</strong></span> 
     </span>
     <span class='ocr_line' id='line_1_19' title="bbox 315 2493 1422 2582; baseline 0.002 -22"><span class='ocrx_word' id='word_1_144' title='bbox 315 2515 444 2560; x_wconf 87' lang='lat' dir='ltr'><strong>currum</strong></span> <span class='ocrx_word' id='word_1_145' title='bbox 474 2493 716 2570; x_wconf 80' lang='lat' dir='ltr'><strong>comitantibus,</strong></span> <span class='ocrx_word' id='word_1_146' title='bbox 751 2505 783 2559; x_wconf 87' lang='lat' dir='ltr'><strong>et</strong></span> <span class='ocrx_word' id='word_1_147' title='bbox 814 2504 946 2580; x_wconf 86' lang='lat' dir='ltr'><strong>propter</strong></span> <span class='ocrx_word' id='word_1_148' title='bbox 975 2517 1066 2560; x_wconf 88' lang='lat' dir='ltr'><strong>suum</strong></span> <span class='ocrx_word' id='word_1_149' title='bbox 1087 2516 1241 2561; x_wconf 84' lang='lat' dir='ltr'><strong>recessum</strong></span> <span class='ocrx_word' id='word_1_150' title='bbox 1261 2498 1314 2582; x_wconf 90' lang='lat' dir='ltr'><strong>pie</strong></span> <span class='ocrx_word' id='word_1_151' title='bbox 1335 2517 1422 2562; x_wconf 90' lang='lat' dir='ltr'><strong>moe·</strong></span> 
     </span>
     <span class='ocr_line' id='line_1_20' title="bbox 315 2601 1423 2688; baseline 0.002 -20"><span class='ocrx_word' id='word_1_152' title='bbox 315 2602 473 2678; x_wconf 89' lang='lat' dir='ltr'><strong>rentibus,</strong></span> <span class='ocrx_word' id='word_1_153' title='bbox 506 2622 582 2668; x_wconf 87' lang='lat' dir='ltr'><strong>ecce</strong></span> <span class='ocrx_word' id='word_1_154' title='bbox 611 2601 737 2668; x_wconf 91' lang='lat' dir='ltr'><strong>obviam</strong></span> <span class='ocrx_word' id='word_1_155' title='bbox 771 2602 879 2668; x_wconf 91' lang='lat' dir='ltr'><strong>babuit</strong></span> <span class='ocrx_word' id='word_1_156' title='bbox 909 2614 986 2668; x_wconf 89' lang='lat' dir='ltr'><strong>ante</strong></span> <span class='ocrx_word' id='word_1_157' title='bbox 1012 2613 1121 2688; x_wconf 89' lang='lat' dir='ltr'><strong>portas</strong></span> <span class='ocrx_word' id='word_1_158' title='bbox 1141 2606 1324 2670; x_wconf 87' lang='lat' dir='ltr'><strong>monasterii</strong></span> <span class='ocrx_word' id='word_1_159' title='bbox 1345 2606 1423 2670; x_wconf 82' lang='lat' dir='ltr'><strong>Tre·</strong></span> 
     </span>
     <span class='ocr_line' id='line_1_21' title="bbox 316 2710 1422 2799; baseline 0.002 -23"><span class='ocrx_word' id='word_1_160' title='bbox 316 2712 457 2778; x_wconf 90' lang='lat' dir='ltr'><strong>iectensis</strong></span> <span class='ocrx_word' id='word_1_161' title='bbox 490 2710 571 2775; x_wconf 89' lang='lat' dir='ltr'><strong>duos</strong></span> <span class='ocrx_word' id='word_1_162' title='bbox 600 2712 683 2776; x_wconf 79' lang='lat' dir='ltr'><strong>viros</strong></span> <span class='ocrx_word' id='word_1_163' title='bbox 713 2711 860 2798; x_wconf 90' lang='lat' dir='ltr'><strong>squalida</strong></span> <span class='ocrx_word' id='word_1_164' title='bbox 892 2713 980 2798; x_wconf 88' lang='lat' dir='ltr'><strong>lepra</strong></span> <span class='ocrx_word' id='word_1_165' title='bbox 1011 2711 1166 2788; x_wconf 84' lang='lat' dir='ltr'><strong>inlectos,</strong></span> <span class='ocrx_word' id='word_1_166' title='bbox 1200 2714 1307 2799; x_wconf 84' lang='lat' dir='ltr'><strong>ligneo</strong></span> <span class='ocrx_word' id='word_1_167' title='bbox 1339 2733 1422 2778; x_wconf 89' lang='lat' dir='ltr'><strong>sono</strong></span> 
     </span>
     <span class='ocr_line' id='line_1_22' title="bbox 314 2820 1419 2905; baseline 0.002 -20"><span class='ocrx_word' id='word_1_168' title='bbox 314 2821 511 2905; x_wconf 84' lang='lat' dir='ltr'><strong>elemosynas</strong></span> <span class='ocrx_word' id='word_1_169' title='bbox 541 2828 695 2903; x_wconf 88' lang='lat' dir='ltr'><strong>petentes.</strong></span> <span class='ocrx_word' id='word_1_170' title='bbox 739 2820 828 2901; x_wconf 87' lang='lat' dir='ltr'><strong>Quos</strong></span> <span class='ocrx_word' id='word_1_171' title='bbox 857 2830 892 2884; x_wconf 92' lang='lat' dir='ltr'><strong>ut</strong></span> <span class='ocrx_word' id='word_1_172' title='bbox 914 2820 1010 2897; x_wconf 81' lang='lat' dir='ltr'><strong>vidit,</strong></span> <span class='ocrx_word' id='word_1_173' title='bbox 1048 2821 1187 2885; x_wconf 87' lang='lat' dir='ltr'><strong>confisus</strong></span> <span class='ocrx_word' id='word_1_174' title='bbox 1205 2822 1237 2884; x_wconf 90' lang='lat' dir='ltr'><strong>in</strong></span> <span class='ocrx_word' id='word_1_175' title='bbox 1257 2820 1419 2900; x_wconf 87' lang='lat' dir='ltr'><strong>Domino,</strong></span> 
     </span>
     <span class='ocr_line' id='line_1_23' title="bbox 315 2926 1420 3012; baseline 0.004 -22"><span class='ocrx_word' id='word_1_176' title='bbox 315 2927 384 2992; x_wconf 83' lang='lat' dir='ltr'><strong>lusa</strong></span> <span class='ocrx_word' id='word_1_177' title='bbox 405 2928 520 2992; x_wconf 78' lang='lat' dir='ltr'><strong>tacitus</strong></span> <span class='ocrx_word' id='word_1_178' title='bbox 538 2947 635 3010; x_wconf 90' lang='lat' dir='ltr'><strong>prece</strong></span> <span class='ocrx_word' id='word_1_179' title='bbox 655 2926 698 2991; x_wconf 93' lang='lat' dir='ltr'><strong>ad</strong></span> <span class='ocrx_word' id='word_1_180' title='bbox 720 2928 909 3002; x_wconf 89' lang='lat' dir='ltr'><strong>Dominum,</strong></span> <span class='ocrx_word' id='word_1_181' title='bbox 945 2929 1077 2994; x_wconf 89' lang='lat' dir='ltr'><strong>calicem</strong></span> <span class='ocrx_word' id='word_1_182' title='bbox 1098 2928 1155 2993; x_wconf 88' lang='lat' dir='ltr'><strong>sibi</strong></span> <span class='ocrx_word' id='word_1_183' title='bbox 1176 2929 1220 2993; x_wconf 91' lang='lat' dir='ltr'><strong>ad</strong></span> <span class='ocrx_word' id='word_1_184' title='bbox 1240 2928 1420 3012; x_wconf 87' lang='lat' dir='ltr'><strong>potandum</strong></span> 
     </span>
     <span class='ocr_line' id='line_1_24' title="bbox 315 3033 1423 3121; baseline 0.004 -23"><span class='ocrx_word' id='word_1_185' title='bbox 315 3044 496 3119; x_wconf 88' lang='lat' dir='ltr'><strong>porrectum</strong></span> <span class='ocrx_word' id='word_1_186' title='bbox 518 3033 699 3100; x_wconf 79' lang='lat' dir='ltr'><strong>benedtcen</strong></span> <span class='ocrx_word' id='word_1_187' title='bbox 729 3046 760 3098; x_wconf 92' lang='lat' dir='ltr'><strong>et</strong></span> <span class='ocrx_word' id='word_1_188' title='bbox 781 3035 839 3100; x_wconf 91' lang='lat' dir='ltr'><strong>illis</strong></span> <span class='ocrx_word' id='word_1_189' title='bbox 859 3037 988 3120; x_wconf 86' lang='lat' dir='ltr'><strong>leprosis</strong></span> <span class='ocrx_word' id='word_1_190' title='bbox 1008 3037 1150 3112; x_wconf 89' lang='lat' dir='ltr'><strong>mittens,</strong></span> <span class='ocrx_word' id='word_1_191' title='bbox 1189 3047 1318 3121; x_wconf 88' lang='lat' dir='ltr'><strong>propter</strong></span> <span class='ocrx_word' id='word_1_192' title='bbox 1338 3057 1423 3102; x_wconf 90' lang='lat' dir='ltr'><strong>con·</strong></span> 
     </span>
     <span class='ocr_line' id='line_1_25' title="bbox 314 3131 1421 3232; baseline 0.004 -26"><span class='ocrx_word' id='word_1_193' title='bbox 314 3142 528 3210; x_wconf 82' lang='lat' dir='ltr'><strong>firmationem</strong></span> <span class='ocrx_word' id='word_1_194' title='bbox 561 3144 794 3230; x_wconf 82' lang='lat' dir='ltr'><strong>neophytorum</strong></span> <span class='ocrx_word' id='word_1_195' title='bbox 826 3146 1013 3222; x_wconf 81' lang='lat' dir='ltr'><strong>astantium,</strong></span> <span class='ocrx_word' id='word_1_196' title='bbox 1041 3131 1208 3232; x_wconf 80' lang='lat' dir='ltr'><strong>¹praecepit</strong></span> <span class='ocrx_word' id='word_1_197' title='bbox 1238 3167 1278 3212; x_wconf 86' lang='lat' dir='ltr'><strong>ex</strong></span> <span class='ocrx_word' id='word_1_198' title='bbox 1307 3145 1421 3210; x_wconf 74' lang='lat' dir='ltr'><strong>eod·-</strong></span> 
     </span>
     <span class='ocr_line' id='line_1_26' title="bbox 314 3251 1421 3332; baseline 0.003 -17"><span class='ocrx_word' id='word_1_199' title='bbox 314 3251 416 3315; x_wconf 88' lang='lat' dir='ltr'><strong>calioe</strong></span> <span class='ocrx_word' id='word_1_200' title='bbox 435 3271 490 3316; x_wconf 91' lang='lat' dir='ltr'><strong>ecs</strong></span> <span class='ocrx_word' id='word_1_201' title='bbox 509 3251 627 3318; x_wconf 87' lang='lat' dir='ltr'><strong>bibere.</strong></span> <span class='ocrx_word' id='word_1_202' title='bbox 671 3251 733 3332; x_wconf 87' lang='lat' dir='ltr'><strong>Qui</strong></span> <span class='ocrx_word' id='word_1_203' title='bbox 754 3252 898 3317; x_wconf 89' lang='lat' dir='ltr'><strong>bibentes</strong></span> <span class='ocrx_word' id='word_1_204' title='bbox 917 3255 1021 3319; x_wconf 90' lang='lat' dir='ltr'><strong>statim</strong></span> <span class='ocrx_word' id='word_1_205' title='bbox 1042 3256 1189 3319; x_wconf 88' lang='lat' dir='ltr'><strong>mundati</strong></span> <span class='ocrx_word' id='word_1_206' title='bbox 1209 3264 1303 3331; x_wconf 89' lang='lat' dir='ltr'><strong>sunt,</strong></span> <span class='ocrx_word' id='word_1_207' title='bbox 1327 3253 1421 3318; x_wconf 90' lang='lat' dir='ltr'><strong>nobis</strong></span> 
     </span>
     <span class='ocr_line' id='line_1_27' title="bbox 315 3358 1421 3445; baseline 0.005 -23"><span class='ocrx_word' id='word_1_208' title='bbox 315 3358 464 3423; x_wconf 90' lang='lat' dir='ltr'><strong>omnibus</strong></span> <span class='ocrx_word' id='word_1_209' title='bbox 494 3359 689 3434; x_wconf 87' lang='lat' dir='ltr'><strong>astantibus,</strong></span> <span class='ocrx_word' id='word_1_210' title='bbox 720 3370 751 3424; x_wconf 89' lang='lat' dir='ltr'><strong>ct</strong></span> <span class='ocrx_word' id='word_1_211' title='bbox 784 3362 978 3445; x_wconf 85' lang='lat' dir='ltr'><strong>stupentibus</strong></span> <span class='ocrx_word' id='word_1_212' title='bbox 1011 3361 1052 3427; x_wconf 91' lang='lat' dir='ltr'><strong>de</strong></span> <span class='ocrx_word' id='word_1_213' title='bbox 1083 3372 1147 3427; x_wconf 90' lang='lat' dir='ltr'><strong>tam</strong></span> <span class='ocrx_word' id='word_1_214' title='bbox 1180 3362 1306 3429; x_wconf 89' lang='lat' dir='ltr'><strong>insolito</strong></span> <span class='ocrx_word' id='word_1_215' title='bbox 1327 3363 1421 3427; x_wconf 89' lang='lat' dir='ltr'><strong>mira·</strong></span> 
     </span>
     <span class='ocr_line' id='line_1_28' title="bbox 313 3466 1422 3558; baseline 0.004 -26"><span class='ocrx_word' id='word_1_216' title='bbox 313 3469 399 3534; x_wconf 89' lang='lat' dir='ltr'><strong>culo.</strong></span> <span class='ocrx_word' id='word_1_217' title='bbox 442 3468 513 3552; x_wconf 87' lang='lat' dir='ltr'><strong>lpse</strong></span> <span class='ocrx_word' id='word_1_218' title='bbox 532 3489 607 3533; x_wconf 82' lang='lat' dir='ltr'><strong>vero</strong></span> <span class='ocrx_word' id='word_1_219' title='bbox 627 3466 744 3554; x_wconf 75' lang='lat' dir='ltr'><strong>gratias</strong></span> <span class='ocrx_word' id='word_1_220' title='bbox 763 3470 897 3534; x_wconf 84' lang='lat' dir='ltr'><strong>referens</strong></span> <span class='ocrx_word' id='word_1_221' title='bbox 917 3470 1023 3534; x_wconf 88' lang='lat' dir='ltr'><strong>salutis</strong></span> <span class='ocrx_word' id='word_1_222' title='bbox 1044 3472 1187 3550; x_wconf 90' lang='lat' dir='ltr'><strong>auctori,</strong></span> <span class='ocrx_word' id='word_1_223' title='bbox 1220 3472 1422 3558; x_wconf 89' lang='lat' dir='ltr'><strong>salutatisque</strong></span> 
     </span>
     <span class='ocr_line' id='line_1_29' title="bbox 314 3575 1423 3667; baseline 0.005 -29"><span class='ocrx_word' id='word_1_224' title='bbox 314 3576 493 3664; x_wconf 81' lang='lat' dir='ltr'><strong>singulatim</strong></span> <span class='ocrx_word' id='word_1_225' title='bbox 533 3575 680 3640; x_wconf 83' lang='lat' dir='ltr'><strong>frutribus</strong></span> <span class='ocrx_word' id='word_1_226' title='bbox 719 3578 871 3642; x_wconf 88' lang='lat' dir='ltr'><strong>recedens</strong></span> <span class='ocrx_word' id='word_1_227' title='bbox 900 3587 931 3641; x_wconf 86' lang='lat' dir='ltr'><strong>et</strong></span> <span class='ocrx_word' id='word_1_228' title='bbox 963 3597 1064 3664; x_wconf 89' lang='lat' dir='ltr'><strong>prope</strong></span> <span class='ocrx_word' id='word_1_229' title='bbox 1096 3577 1267 3667; x_wconf 83' lang='lat' dir='ltr'><strong>Aldeneeel</strong></span> <span class='ocrx_word' id='word_1_230' title='bbox 1298 3581 1423 3666; x_wconf 86' lang='lat' dir='ltr'><strong>sliquot</strong></span> 
     </span>
    </p>

    <p class='ocr_par' dir='ltr' id='par_1_4' title="bbox 223 3683 1421 3877">
     <span class='ocr_line' id='line_1_30' title="bbox 223 3683 1421 3768; baseline 0.006 -23"><span class='ocrx_word' id='word_1_231' title='bbox 223 3705 224 3708; x_wconf 44' lang='lat'>¹</span> <span class='ocrx_word' id='word_1_232' title='bbox 314 3703 422 3746; x_wconf 89' lang='lat' dir='ltr'><strong>annos</strong></span> <span class='ocrx_word' id='word_1_233' title='bbox 442 3684 578 3766; x_wconf 84' lang='lat' dir='ltr'><strong>degens,</strong></span> <span class='ocrx_word' id='word_1_234' title='bbox 614 3683 834 3768; x_wconf 87' lang='lat' dir='ltr'><strong>Christumque</strong></span> <span class='ocrx_word' id='word_1_235' title='bbox 855 3683 970 3749; x_wconf 90' lang='lat' dir='ltr'><strong>devote</strong></span> <span class='ocrx_word' id='word_1_236' title='bbox 1003 3688 1222 3762; x_wconf 82' lang='lat' dir='ltr'><strong>annuntians,</strong></span> <span class='ocrx_word' id='word_1_237' title='bbox 1255 3709 1296 3752; x_wconf 86' lang='lat' dir='ltr'><strong>ac</strong></span> <span class='ocrx_word' id='word_1_238' title='bbox 1315 3688 1421 3752; x_wconf 90' lang='lat' dir='ltr'><strong>multis</strong></span> 
     </span>
     <span class='ocr_line' id='line_1_31' title="bbox 315 3777 1421 3877; baseline 0.007 -25"><span class='ocrx_word' id='word_1_239' title='bbox 315 3789 382 3852; x_wconf 86' lang='lat' dir='ltr'><strong>aliis</strong></span> <span class='ocrx_word' id='word_1_240' title='bbox 414 3790 635 3853; x_wconf 88' lang='lat' dir='ltr'><strong>miraculorum</strong></span> <span class='ocrx_word' id='word_1_241' title='bbox 667 3791 759 3874; x_wconf 79' lang='lat' dir='ltr'><strong>signis</strong></span> <span class='ocrx_word' id='word_1_242' title='bbox 788 3777 956 3877; x_wconf 77' lang='lat' dir='ltr'><strong>effulgens</strong></span> <span class='ocrx_word' id='word_1_243' title='bbox 972 3793 1088 3860; x_wconf 87' lang='lat' dir='ltr'><strong>ibidem</strong></span> <span class='ocrx_word' id='word_1_244' title='bbox 1120 3796 1152 3860; x_wconf 93' lang='lat' dir='ltr'><strong>in</strong></span> <span class='ocrx_word' id='word_1_245' title='bbox 1183 3797 1354 3860; x_wconf 79' lang='lat' dir='ltr'><strong>Aldeneeel</strong></span> <span class='ocrx_word' id='word_1_246' title='bbox 1375 3797 1421 3860; x_wconf 86' lang='lat' dir='ltr'><strong>le·</strong></span> 
     </span>
    </p>
   </div>
   <div class='ocr_carea' id='block_1_3' title="bbox 310 3895 1422 4314">
    <p class='ocr_par' dir='ltr' id='par_1_5' title="bbox 310 3895 1422 4314">
     <span class='ocr_line' id='line_1_32' title="bbox 314 3895 1420 3990; baseline 0.007 -29"><span class='ocrx_word' id='word_1_247' title='bbox 314 3897 413 3962; x_wconf 88' lang='lat' dir='ltr'><strong>liciter</strong></span> <span class='ocrx_word' id='word_1_248' title='bbox 457 3895 606 3981; x_wconf 86' lang='lat' dir='ltr'><strong>requievit</strong></span> <span class='ocrx_word' id='word_1_249' title='bbox 648 3897 682 3960; x_wconf 91' lang='lat' dir='ltr'><strong>in</strong></span> <span class='ocrx_word' id='word_1_250' title='bbox 728 3897 875 3964; x_wconf 90' lang='lat' dir='ltr'><strong>Domino.</strong></span> <span class='ocrx_word' id='word_1_251' title='bbox 931 3901 1019 3965; x_wconf 85' lang='lat' dir='ltr'><strong>Hsec</strong></span> <span class='ocrx_word' id='word_1_252' title='bbox 1050 3903 1211 3990; x_wconf 83' lang='lat' dir='ltr'><strong>Ludgerus</strong></span> <span class='ocrx_word' id='word_1_253' title='bbox 1242 3905 1420 3990; x_wconf 89' lang='lat' dir='ltr'><strong>episcopus.</strong></span> 
     </span>
     <span class='ocr_line' id='line_1_33' title="bbox 313 4003 1422 4098; baseline 0.007 -30"><span class='ocrx_word' id='word_1_254' title='bbox 313 4003 465 4070; x_wconf 76' lang='lat' dir='ltr'><strong>Prolixius</strong></span> <span class='ocrx_word' id='word_1_255' title='bbox 495 4003 573 4069; x_wconf 82' lang='lat' dir='ltr'><strong>baec</strong></span> <span class='ocrx_word' id='word_1_256' title='bbox 606 4004 646 4069; x_wconf 91' lang='lat' dir='ltr'><strong>de</strong></span> <span class='ocrx_word' id='word_1_257' title='bbox 666 4015 777 4070; x_wconf 88' lang='lat' dir='ltr'><strong>sancto</strong></span> <span class='ocrx_word' id='word_1_258' title='bbox 800 4007 973 4075; x_wconf 87' lang='lat' dir='ltr'><strong>llareelino</strong></span> <span class='ocrx_word' id='word_1_259' title='bbox 994 4010 1121 4095; x_wconf 90' lang='lat' dir='ltr'><strong>scripsi,</strong></span> <span class='ocrx_word' id='word_1_260' title='bbox 1154 4022 1189 4075; x_wconf 87' lang='lat' dir='ltr'><strong>ut</strong></span> <span class='ocrx_word' id='word_1_261' title='bbox 1210 4013 1343 4098; x_wconf 84' lang='lat' dir='ltr'><strong>cognita</strong></span> <span class='ocrx_word' id='word_1_262' title='bbox 1365 4013 1422 4079; x_wconf 85' lang='lat' dir='ltr'><strong>riri</strong></span> 
     </span>
     <span class='ocr_line' id='line_1_34' title="bbox 312 4113 1421 4206; baseline 0.011 -31"><span class='ocrx_word' id='word_1_263' title='bbox 312 4113 499 4190; x_wconf 89' lang='lat' dir='ltr'><strong>sanctitate,</strong></span> <span class='ocrx_word' id='word_1_264' title='bbox 532 4113 646 4198; x_wconf 88' lang='lat' dir='ltr'><strong>scripta</strong></span> <span class='ocrx_word' id='word_1_265' title='bbox 668 4114 752 4191; x_wconf 88' lang='lat' dir='ltr'><strong>eius,</strong></span> <span class='ocrx_word' id='word_1_266' title='bbox 776 4124 808 4180; x_wconf 88' lang='lat' dir='ltr'><strong>et</strong></span> <span class='ocrx_word' id='word_1_267' title='bbox 828 4137 885 4200; x_wconf 91' lang='lat' dir='ltr'><strong>per</strong></span> <span class='ocrx_word' id='word_1_268' title='bbox 905 4136 1107 4203; x_wconf 88' lang='lat' dir='ltr'><strong>consequens</strong></span> <span class='ocrx_word' id='word_1_269' title='bbox 1127 4121 1221 4185; x_wconf 87' lang='lat' dir='ltr'><strong>etiam</strong></span> <span class='ocrx_word' id='word_1_270' title='bbox 1243 4141 1301 4197; x_wconf 91' lang='lat' dir='ltr'><strong>ea,</strong></span> <span class='ocrx_word' id='word_1_271' title='bbox 1336 4142 1421 4206; x_wconf 88' lang='lat' dir='ltr'><strong>quae</strong></span> 
     </span>
     <span class='ocr_line' id='line_1_35' title="bbox 310 4222 1421 4314; baseline 0.014 -32"><span class='ocrx_word' id='word_1_272' title='bbox 310 4222 452 4304; x_wconf 77' lang='lat' dir='ltr'><strong>superius</strong></span> <span class='ocrx_word' id='word_1_273' title='bbox 480 4242 519 4286; x_wconf 89' lang='lat' dir='ltr'><strong>ex</strong></span> <span class='ocrx_word' id='word_1_274' title='bbox 551 4223 616 4287; x_wconf 90' lang='lat' dir='ltr'><strong>eius</strong></span> <span class='ocrx_word' id='word_1_275' title='bbox 636 4223 756 4309; x_wconf 88' lang='lat' dir='ltr'><strong>scriptis</strong></span> <span class='ocrx_word' id='word_1_276' title='bbox 776 4225 988 4310; x_wconf 87' lang='lat' dir='ltr'><strong>sumpsimus,</strong></span> <span class='ocrx_word' id='word_1_277' title='bbox 1018 4228 1117 4314; x_wconf 73' lang='lat' dir='ltr'><strong>magis</strong></span> <span class='ocrx_word' id='word_1_278' title='bbox 1139 4230 1299 4296; x_wconf 86' lang='lat' dir='ltr'><strong>autentica</strong></span> <span class='ocrx_word' id='word_1_279' title='bbox 1322 4230 1421 4298; x_wconf 88' lang='lat' dir='ltr'><strong>habe·</strong></span> 
     </span>
    </p>
   </div>
   <div class='ocr_carea' id='block_1_4' title="bbox 0 0 1480 5144">
    <p class='ocr_par' dir='ltr' id='par_1_6' title="bbox 0 0 1480 5144">
     <span class='ocr_line' id='line_1_36' title="bbox 0 0 1480 5144; baseline 0 0"><span class='ocrx_word' id='word_1_280' title='bbox 0 0 1480 5144; x_wconf 95' lang='lat' dir='ltr'><strong> </strong></span> 
     </span>
    </p>
   </div>
  </div>
 </body>
</html>
