2916 5150
20 537 22 600 l
475 462 722 530 CHRONlCON.
1092 466 1145 529 lat

20 613 22 686 f
71 632 214 700 tirannide
234 631 375 696 detineat
396 631 599 714 captivatam.
642 632 727 695 Sane
748 631 823 715 quia
845 632 927 696 aelus
949 631 1075 696 Domini
1095 653 1153 697 nos

20 827 21 830 Ἴ
70 741 186 830 pungit,
210 740 266 824 qui
286 739 328 804 de
347 738 539 823 plenitudine
559 739 737 804 divitiarum
759 760 884 804 suarum
906 741 1056 806 maiorem
1077 760 1155 824 prae

20 927 21 930 Ἴ
71 849 257 937 participibus
300 847 415 912 nostris
459 848 639 933 accepimus
679 851 860 931 portionem
890 871 951 933 pro
983 847 1155 922 omnibus.

73 978 143 1042 quae
161 953 303 1021 retribuit
325 955 438 1032 nobis,
471 955 538 1040 ipsa
559 955 632 1019 licet
653 955 752 1040 digna
773 955 878 1021 lutura
900 957 1063 1022 retributio
1086 977 1156 1020 non

20 1069 21 1152 l
74 1067 102 1129 ait
122 1064 161 1128 ad
179 1065 357 1148 lectorem¹
388 1084 470 1132 onus
490 1065 570 1127 illius
593 1075 695 1128 terrae
726 1063 861 1129 humeris
882 1066 996 1130 nostris
1017 1087 1157 1150 assump-

20 1155 21 1160 ἵ
74 1174 168 1247 simus,
200 1191 262 1235 nos
281 1171 366 1256 ipsos
385 1173 421 1234 in
442 1171 629 1256 obsequium
651 1172 753 1236 crucis
775 1171 962 1250 obtulimus,
994 1174 1158 1258 imperium

74 1290 98 1343 et
122 1300 233 1366 regne,
267 1299 351 1366 quae
383 1277 477 1345 nobis
509 1280 647 1344 contulit
668 1289 698 1343 et
720 1280 898 1357 commisit,
922 1282 982 1344 suis
1003 1280 1161 1367 obsequiis

76 1387 257 1472 deputantes.
292 1387 408 1456 Verum
430 1388 507 1474 quia
528 1389 562 1452 in
586 1399 651 1452 tarn
673 1388 755 1452 lelici
776 1390 919 1473 passaff'o
940 1399 971 1452 et
993 1389 1161 1454 victorioso

76 1496 195 1562 exercitu
214 1496 309 1560 lbcsu
329 1494 439 1561 Christi
463 1494 611 1579 (Domino
632 1497 843 1561 excercituum
864 1499 1069 1580 cooperante)
1092 1517 1162 1561 ma·

20 1625 22 1680 r
76 1603 115 1666 ior
142 1623 239 1688 quam
261 1623 405 1687 tanqum
426 1603 538 1679 fuerit,
562 1615 704 1688 speratur
725 1605 840 1668 utilitas
859 1615 1074 1690 proventura,
1110 1627 1163 1668 cx-

77 1721 182 1795 pertam
203 1711 328 1775 dudum
348 1712 382 1775 in
404 1711 558 1796 obsequio
581 1713 682 1777 crucis
703 1713 801 1795 gentis
824 1723 941 1778 restrae
961 1713 1164 1797 prudentiam

20 1857 22 1910 ;
79 1821 208 1886 nolumus
252 1820 440 1904 praeterire,
483 1821 563 1905 quin
602 1821 758 1886 universos
800 1831 831 1885 et
864 1821 1002 1906 siagrdos
1031 1833 1165 1886 vestmm

20 1913 22 1952 ³
79 1928 205 2013 precibus
226 1939 261 1994 et
281 1929 410 1994 monitis
431 1930 621 2003 excitemus,
656 1940 819 1994 monentes
840 1930 1075 1996 universitatem
1097 1951 1165 1996 rea·

80 2044 194 2102 tremet
214 2035 417 2102 exhortando
438 2037 648 2112 mandantes,
683 2045 839 2120 quatenus
859 2040 895 2099 in
916 2039 1070 2102 comitatu
1092 2058 1167 2102 nos·

20 2151 22 2202 t
80 2154 137 2221 tro,
166 2157 230 2210 tam
264 2146 351 2232 pium
384 2157 448 2210 tam
481 2145 647 2210 honestum
678 2143 857 2208 liberationi
889 2144 1002 2208 Terrae
1032 2145 1168 2210 Sanctae

82 2254 202 2320 laborem
241 2255 346 2321 denuo
377 2255 521 2320 subeatis.
577 2251 717 2320 Vestram
749 2239 834 2316 enim
866 2262 1012 2336 expertae
1044 2263 1169 2318 suntet

20 2401 22 2444 ,
83 2362 173 2428 timent
199 2363 404 2450 prudentiam
436 2373 559 2426 exterae
590 2361 747 2426 nationes:
781 2360 824 2425 ad
853 2381 991 2446 quarum
1012 2361 1168 2426 excidium

20 2545 22 2566 y
83 2473 243 2537 exercuistis
274 2471 347 2540 olim
376 2470 576 2535 laudabiliter
597 2469 827 2544 vinceremus,
862 2469 915 2533 ubi
934 2469 1074 2554 ,sanguis
1103 2491 1170 2536 res·

20 2577 21 2580 ’
84 2588 184 2644 trorum
205 2591 383 2666 martyrum
403 2580 435 2642 in
455 2579 611 2644 servitium
633 2579 736 2642 crucis
756 2577 869 2641 effusus
890 2579 1014 2653 rutilat,
1027 2589 1057 2642 et
1079 2599 1171 2664 super

20 2733 21 2748 r
83 2685 235 2753 obsidione
263 2699 294 2754 et
327 2687 475 2772 captione
506 2687 666 2750 Damiatae
696 2685 782 2749 clara
813 2705 925 2748 eorum
947 2706 1085 2768 corpora
1106 2709 1171 2752 me·

82 2809 247 2864 morantur.
289 2797 439 2879 Exsurget
471 2793 565 2877 igitur
597 2793 692 2856 virtus
724 2800 843 2865 restra,
876 2800 907 2854 et
940 2791 981 2854 ad
1014 2791 1169 2856 ulciscen-

20 2895 22 2978 Ρ
82 2903 146 2972 dum
182 2905 374 2992 sanguinem
416 2904 549 2968 fratrum
580 2910 773 2973 vestrorum.
818 2919 915 2984 quem
944 2899 987 2964 ob
1016 2898 1171 2962 honorem

20 3027 21 3030 ’
84 3017 169 3082 crucis
206 3016 383 3088 fuderunt,
426 3011 572 3077 navalem
612 3009 784 3074 exercitum
827 3010 1018 3092 praeparetis
1049 3008 1170 3070 venturi

20 3081 22 3200 i
84 3125 258 3189 unanimiter
287 3134 318 3185 et
337 3129 506 3206 potenter,
538 3127 572 3180 ut
594 3117 637 3181 ad
657 3116 851 3180 liberandam
871 3117 999 3180 Terram
1019 3115 1171 3180 Sanctam

85 3238 185 3296 statuto
226 3243 367 3314 tempore
395 3228 484 3292 simul
515 3224 737 3310 procedamus.
792 3223 857 3287 Nos
888 3225 975 3288 enim
1004 3221 1172 3288 benevolos

84 3359 115 3404 ac
140 3339 324 3406 favorabiles
355 3337 398 3402 ad
429 3346 564 3401 vestrum
597 3333 757 3398 invenictis
787 3331 932 3395 solatium
953 3341 986 3397 et
1005 3331 1167 3406 iuramen.

84 3467 115 3512 ac
143 3450 265 3516 cunctis
295 3442 584 3532 opportunitatibus
618 3441 723 3505 restris
754 3461 794 3503 ac
824 3437 1016 3523 profectibus
1037 3433 1173 3502 liberali·

84 3565 123 3620 ter
153 3559 335 3624 assistemus.
381 3556 493 3618 Datum
524 3551 643 3614 Salerni
673 3547 776 3632 primo
807 3546 965 3611 Februarii
995 3546 1046 3610 xiv
1066 3544 1173 3610 indic·

20 3681 21 3686 ¹
84 3665 165 3733 tione.

627 3765 765 3850 Sigillum
786 3764 942 3830 Frederiei
966 3764 1173 3848 imperatorie.

120 3991 199 4056 llaec
222 4001 289 4056 erat
309 3985 531 4073 superscriptio
554 3983 588 4044 in
613 3957 678 4044 una
700 3991 789 4066 parte
811 3981 916 4065 sigilli:
994 3972 999 3982 ⁸

120 4097 294 4164 l'rcdericus
329 4098 382 4162 llei
412 4094 510 4181 gratia
534 4091 754 4156 Romanorum
784 4090 954 4172 imperator
976 4107 1097 4171 semper
1119 4108 1174 4152 au·

87 4214 190 4284 gustus.
