2950 5144
531 499 780 568 cnaoutcoo.
1160 501 1204 568 dd
1331 559 1334 566 .
1453 509 1457 518 “

94 671 181 755 gerit
214 689 308 734 anno
340 669 484 753 sequenti
514 670 685 735 exercitum
706 689 878 758 magnum,
910 679 944 734 ut
965 670 1151 756 irrumperet
1172 683 1202 736 et

95 789 231 848 vasuret
265 788 381 842 terrem
401 777 602 844 orientolium
623 779 836 860 Francorum,
860 780 977 846 scilicet
998 777 1201 845 {trabentium

93 898 125 953 et
145 885 399 971 Lothon'ugiem.
443 884 539 967 Quod
571 886 732 952 audientes
751 888 866 953 Franci
886 887 1070 954 metuebant
1089 889 1198 965 maris,
1250 907 1252 912 ·

90 995 348 1068 reminiscentes,
384 992 551 1078 monsedo
579 995 677 1080 paulo
698 1005 774 1061 ante
803 996 939 1084 graviter
970 996 1012 1062 ab
1032 1017 1073 1062 eo
1092 997 1200 1062 edne-

91 1105 154 1169 rati
184 1114 275 1189 terga
307 1101 480 1168 vertissent.
522 1101 579 1168 Cui
608 1102 739 1169 Cercius
769 1104 926 1170 Martelius
957 1104 1201 1171 bsilicoden'mus

89 1224 123 1279 et
143 1211 372 1298 imperterritus
390 1211 539 1296 princepe
559 1213 717 1287 occurrit,
749 1223 781 1277 et
810 1213 880 1277 diro
910 1213 1077 1280 commisso
1106 1231 1199 1298 prae·

90 1323 138 1388 lio
167 1320 299 1387 Ceratis
327 1319 517 1405 triumphat,
551 1329 581 1384 et
614 1320 783 1386 interiecto
811 1319 968 1406 Poppcne
988 1320 1091 1396 duce,
1123 1341 1199 1388 cum

94 1429 255 1515 plerisque
273 1426 475 1503 Frisonibus,
499 1427 694 1494 Radbodum
716 1449 791 1494 oum
811 1431 941 1494 metaris
960 1429 1059 1516 fuget.
1101 1427 1199 1513 igitur

94 1537 228 1604 Cercius
258 1538 359 1604 victor
387 1535 582 1602 Radbodum
615 1558 719 1624 regem
752 1539 865 1604 iterato
886 1537 1074 1604 adveniam
1094 1557 1198 1602 arsce-

88 1648 160 1733 pit,
185 1667 225 1712 ea
247 1646 455 1722 conditione,
478 1655 514 1708 ut
534 1645 601 1710 sinc
621 1643 698 1709 doio
720 1645 932 1731 baptizeretur
952 1657 984 1712 et
1005 1645 1198 1712 Christianus

88 1756 193 1821 ficret.
239 1753 335 1835 Quod
355 1762 385 1818 et
407 1774 440 1817 sc
459 1752 617 1818 facturum
637 1752 821 1838 spopondit.

109 2237 366 2298 wulstanus
382 2234 598 2306 episeopus
623 2231 754 2291 esrem
779 2233 938 2294 eraculo
955 2234 997 2291 tre
1013 2234 1178 2293 met-n

143 2329 336 2397 neuter,
355 2326 398 2384 et
413 2329 594 2387 tere-en
609 2325 714 2384 ferte
732 2339 959 2397 ιιιιοιιιι
977 2341 1001 2382 s
1018 2329 1144 2386 uerte

248 2420 434 2480 liberavit
443 2435 455 2487 s
475 2421 517 2476 et
535 2419 583 2475 do
600 2418 816 2480 miserenti!
833 2419 1035 2479 ssertsscte

528 2512 743 2570 menan.

564 2713 651 2779 CAP.
673 2713 727 2775 tx.

1 2935 2 2968 ἶ
138 2937 259 3002 Eadem
281 2955 369 3000 anuo
390 2944 421 2997 et
445 2944 603 3016 tempora,
638 2928 715 2993 dum
737 2928 816 2994 hacc
837 2928 871 2991 iu
893 2928 988 2994 Frisia
1009 2938 1191 3016 agerentur,

95 3057 224 3112 sanctus
244 3043 452 3110 Wuliraunus
483 3039 677 3104 Zenonensis
696 3038 861 3122 epiecopus
881 3059 937 3122 per
957 3037 1099 3104 divinum
1121 3060 1193 3105 ora·

95 3156 205 3221 cutum
225 3155 257 3217 ia
287 3171 403 3216 somno
433 3159 478 3214 est
499 3148 698 3222 admonitus,
732 3154 767 3208 ut
789 3145 830 3210 ad
852 3145 978 3212 Frisium
1000 3148 1143 3214 tenderet
1163 3159 1193 3214 et

72 3267 74 3272 ’
95 3266 192 3330 beato
204 3258 389 3327 Wiibrordo
409 3279 470 3343 pro
491 3254 711 3324 convertendis
721 3253 901 3320 Frisonibus
921 3255 1086 3342 diiigenter
1106 3279 1193 3324 eras.

88 3382 183 3440 teret.
228 3371 290 3452 Qui
309 3387 445 3456 pergens
465 3365 507 3430 ad
529 3363 749 3430 monesterium
770 3363 992 3439 Fontaneliae,
1018 3366 1094 3432 iude
1114 3388 1193 3433 coo-

91 3493 258 3569 peratores
286 3499 391 3545 secum
426 3476 467 3540 ad
494 3471 749 3559 praedicandum
770 3473 943 3555 assumpsit.
986 3472 1130 3556 Cumque
1152 3476 1193 3538 ad

1 3660 3 3666 ,
91 3593 223 3658 Frisiem
244 3591 390 3662 venisset,
423 3596 455 3652 et
475 3581 701 3670 praedicationi
722 3578 887 3664 diiigenter
906 3580 1055 3656 instaret,
1079 3581 1194 3646 multos

95 3700 140 3766 ab
158 3699 322 3773 idolatrie,
344 3697 452 3760 divine
474 3698 670 3776 cooperante
690 3687 809 3774 gretie,
824 3688 988 3755 convertit.
1016 3688 1085 3754 Fuit
1107 3690 1192 3755 enim

95 3806 295 3876 consuetudo
326 3803 444 3878 Frisiis,
480 3812 514 3865 ut
544 3798 679 3886 quomo
712 3797 773 3860 suis
793 3796 908 3861 veilent
929 3795 991 3860 Diis
1010 3797 1191 3876 immutare,

92 3929 172 3983 tunc
204 3917 288 3980 inter
319 3933 352 3976 sc
384 3920 499 3975 sortem
520 3904 710 3982 mittebant,
742 3914 772 3970 et
793 3925 860 3969 sors
880 3925 973 3989 super
993 3927 1087 3990 wem
1109 3908 1193 3971 ceci·

91 4027 201 4100 derat,
236 4019 404 4106 suspendio
437 4013 623 4082 necabatur.
679 4011 799 4078 Cecidit
830 4033 906 4097 ergo
937 4022 1014 4076 tunc
1045 4015 1193 4096 temporis

91 4155 158 4200 sors
191 4150 287 4216 super
315 4127 480 4215 quendam
501 4122 729 4188 adolescentem
750 4121 876 4184 nomine
897 4119 1006 4184 Oano.
1050 4120 1193 4210 Cumque

92 4245 156 4308 iam
188 4234 426 4325 suspendendus
455 4243 552 4308 esset,
586 4229 722 4296 accurrit
744 4230 789 4294 vir
810 4227 863 4292 Dei
885 4227 1092 4298 Wuiirannus
1111 4235 1192 4317 epis-
