2916 5150
304 499 365 564 tou
741 495 965 565 WORPDRI

302 679 376 732 eunt
397 669 565 732 multarum
596 666 756 731 civitatum
786 677 818 730 et
838 665 1076 750 provinciarum
1097 661 1253 727 inleriorie
1273 660 1410 725 Germa·

302 775 393 848 niae,
427 775 599 859 praecipue
627 773 662 836 in
693 773 864 836 flollandia
884 783 917 835 et
938 771 1055 836 diocesi
1076 768 1267 834 Traiectensi
1287 767 1410 833 subditi

303 891 418 947 contra
456 881 589 947 nobiles.
644 881 706 962 Qui
745 901 865 968 magno
897 889 1125 946 concurrentes
1156 897 1291 942 numero
1324 879 1411 942 mul·

302 1000 410 1055 torum
460 989 615 1055 nobilium
664 999 767 1054 castra
809 989 1049 1064 destruxerunt,
1095 987 1235 1051 dicentes
1275 1003 1410 1049 omnem

302 1095 518 1173 nobilitatem,
553 1115 638 1182 quae
668 1117 701 1161 ec
731 1095 886 1161 hactenus
907 1098 1021 1160 iniuste
1042 1103 1258 1179 oppresserat,
1291 1093 1411 1159 debere

301 1203 486 1290 exstirpari,
525 1226 635 1269 eorum
670 1205 757 1270 bona
790 1203 983 1289 pauperibus
1011 1203 1145 1288 erogari.
1188 1203 1228 1264 Et
1259 1201 1412 1266 omnibus

302 1315 480 1380 civitatibus
510 1313 567 1376 has
595 1311 797 1377 conditiones
830 1309 1073 1396 acceptantibus
1093 1329 1205 1395 pacem
1227 1308 1409 1384 dedemnt,

301 1423 356 1488 sed
378 1424 442 1488 cito
465 1443 538 1486 cum
561 1419 719 1484 dedecore
740 1419 880 1504 oppressi
900 1429 982 1482 sunt.
1015 1420 1108 1480 Anno
1124 1415 1247 1479 Domini
1263 1416 1409 1481 macinii

300 1530 477 1594 Florentius
520 1547 626 1592 comes
668 1527 855 1591 llollandiac
887 1527 969 1590 filius
1000 1522 1159 1588 Wilbelmi
1189 1523 1268 1608 regis
1300 1523 1409 1589 valido

300 1640 440 1702 exercitu
470 1639 623 1720 ingressus
652 1645 699 1699 eet
729 1635 855 1698 Frisium
876 1633 1127 1699 occidentalem.
1174 1629 1232 1696 Cui
1252 1650 1326 1694 non
1347 1631 1409 1694 rni-

301 1745 374 1809 nori
395 1744 525 1820 animo,
549 1744 620 1808 licet
642 1763 776 1806 numero
797 1744 949 1826 impares,
973 1741 1118 1804 Frisonee
1138 1748 1348 1804 occurrerunt
1368 1739 1407 1802 in

299 1852 465 1938 proelium.
509 1849 745 1935 Commissoque
775 1849 949 1914 certamine
978 1850 1053 1912 victi
1073 1856 1148 1911 sunt
1169 1868 1189 1912 a
1210 1846 1306 1911 Frisiis
1327 1846 1408 1908 liol-

286 1959 408 2035 ·landi,
440 1960 538 2023 caesia
568 1957 752 2043 quingentis
782 1958 874 2032 viris,
917 1958 1034 2021 caeteri
1067 1957 1141 2042 luga
1175 1953 1285 2018 salvati
1317 1963 1404 2018 mut.

299 2069 341 2132 In
372 2067 432 2131 isto
464 2061 586 2150 proelio
606 2066 696 2129 multi
718 2065 841 2131 nobiles
862 2065 1068 2139 ceciderunt,
1101 2063 1246 2128 videlicet
1267 2062 1407 2126 Weren·

299 2174 416 2238 boldus
435 2195 474 2239 ex
495 2174 760 2262 Haga,Albertus
779 2175 861 2239 filius
881 2176 965 2249 eius,
980 2174 1141 2239 Wolterus
1161 2170 1203 2234 de
1223 2169 1404 2255 Egmonda‚

299 2282 486 2347 Wilhelmue
504 2283 587 2346 filius
607 2284 690 2357 eius,
714 2282 922 2348 Theodericus
943 2283 983 2347 de
1003 2279 1203 2365 Raephorst,
1237 2288 1280 2342 et·
1290 2278 1407 2342 Gerar·

299 2391 359 2455 dua
379 2391 475 2455 frater
495 2393 579 2464 eius,
602 2391 738 2454 lacobus
758 2413 855 2476 eques
876 2402 1004 2455 auratus
1017 2390 1275 2464 deWassenaer,
1289 2385 1408 2450 Gerar·

298 2499 357 2561 dus
388 2497 428 2559 de
459 2497 644 2575 Hermolao,
677 2509 709 2563 et
732 2499 891 2564 Walterus
912 2499 997 2563 Frieo
1018 2498 1138 2563 balivus
1158 2495 1407 2560 Kennemariae.

297 2604 420 2668 Deinde
441 2625 548 2669 comes
568 2606 757 2682 Florentius,
781 2617 956 2672 restaurato
976 2605 1130 2679 exercitu,
1154 2603 1299 2668 secundo
1320 2603 1410 2668 veuit

295 2713 332 2776 iu
352 2714 508 2797 proelium
530 2725 645 2778 contra
666 2715 808 2780 Frisones
829 2716 942 2779 maiori
964 2723 1158 2779 armatorum
1179 2731 1321 2776 numero.
1366 2711 1409 2775 lit

296 2822 496 2888 commissum
528 2834 572 2886 est
603 2834 694 2888 atrox
725 2825 899 2908 proelium,
932 2825 965 2888 in
995 2841 1062 2907 quo
1093 2819 1229 2904 superati
1258 2817 1410 2882 Frisonee

294 2931 402 3017 lugam
432 2928 606 3012 arripiunt,
641 2929 813 2994 interfectis
845 2930 928 2994 milla
960 2928 1106 2992 ducentis
1126 2923 1315 2989 Frieonlbus.
1363 2925 1408 2988 ln

293 3039 354 3102 isto
385 3035 556 3101 certamine
585 3033 718 3120 quidam
747 3036 833 3100 Friso
864 3037 1069 3122 grandaevae
1101 3033 1214 3098 aetatis
1234 3041 1349 3116 captus
1374 3042 1408 3096 et

293 3144 376 3211 ritae
397 3154 441 3208 est
463 3153 634 3210 reservatus
655 3163 691 3208 ca
714 3145 913 3222 conditione,
939 3155 975 3208 ut
996 3145 1118 3221 locum,
1139 3142 1174 3204 in
1195 3159 1264 3226 quo
1284 3159 1408 3224 corpus
1443 3182 1445 3187 -

293 3251 455 3317 Wilhelmi
476 3253 556 3336 regie
586 3253 743 3337 sepultum
775 3265 840 3330 est,
864 3253 1056 3319 ostenderet.
1100 3251 1172 3332 Quo
1194 3258 1323 3312 ostenso
1345 3267 1407 3312 co-

292 3379 358 3424 mes
388 3379 549 3422 assumens
568 3380 637 3423 osea
657 3362 756 3444 patria
777 3362 843 3438 eui,
866 3363 901 3425 in
922 3357 1187 3444 bliddelburgenei
1208 3357 1405 3420 monasterio

291 3466 417 3532 bonore
448 3468 615 3533 tumulavit
647 3469 824 3554 condigno.
867 3471 1003 3534 Domum
1035 3477 1141 3532 autem
1173 3465 1329 3539 Frisonis,
1365 3465 1405 3528 in

290 3596 358 3662 qua
389 3576 508 3662 regium
541 3594 658 3660 corpus
679 3576 831 3642 hactenus
850 3578 1007 3662 sepultum
1027 3576 1149 3649 luerat,
1187 3592 1295 3636 comcs
1315 3591 1403 3636 con·

288 3683 448 3768 fringens,
481 3683 629 3748 sacellam
661 3684 778 3749 ibidem
800 3685 977 3752 aedificarit
997 3685 1032 3748 in
1054 3703 1140 3770 pago
1163 3679 1252 3747 dicto
1273 3677 1405 3766 Hoegb-

288 3798 399 3864 wout,
431 3791 464 3854 in
492 3789 649 3854 honorem
681 3789 793 3856 beatae
825 3793 941 3856 Mariae
962 3793 1108 3878 virginis,
1147 3799 1341 3873 tantumque
1363 3787 1404 3852 de

287 3895 464 3962 redditibus
496 3897 557 3960 suis
587 3898 630 3960 illi
661 3899 736 3964 loco
768 3899 954 3986 assignavit,
990 3910 1148 3985 quantum
1179 3899 1254 3963 loco
1287 3908 1321 3961 et
1342 3895 1404 3959 uni

286 4004 444 4070 secerdoti
477 4025 537 4090 pro
567 4006 703 4072 honesto
734 4008 910 4074 sufficiebat
941 4010 1125 4076 ministerio.
1183 4007 1258 4073 Non
1288 4016 1402 4070 tamen

287 4129 395 4176 comes
424 4112 486 4178 hac
518 4114 586 4180 rice
618 4116 762 4181 Frieoues
783 4138 841 4183 suo
861 4117 992 4184 subiecit
1013 4118 1171 4183 dominio.
1217 4116 1283 4180 Sed
1306 4135 1402 4180 anno

286 4215 414 4283 Domini
447 4222 650 4300 mcclxxxrii,
683 4225 798 4291 mensis
830 4226 1009 4292 Decembris
1042 4226 1093 4291 die
1124 4225 1188 4291 xiiii
1200 4272 1209 4303 ,
1244 4224 1333 4290 lacta
1355 4233 1402 4290 est
