2950 5144
302 493 347 558 48
738 488 961 553 WORPERI

303 704 505 770 Quomodo
522 703 966 762 sanetuswtltttrrordus
984 687 1157 759 secundo
1174 700 1226 757 ed
1239 692 1410 758 Frisium

326 797 513 864 mittitur,
533 797 574 853 et
590 798 715 867 prime
733 797 906 854 ecclesie
921 797 964 852 tn
981 794 1161 852 wretecto
1179 793 1391 852 rmrtstur.

771 995 859 1061 cat.
882 993 921 1060 V.

343 1191 381 1254 Et
413 1189 489 1276 qnia
520 1187 605 1252 idem
635 1188 785 1271 princeps
814 1186 964 1271 Pippinus
995 1205 1097 1270 nuper
1127 1183 1304 1248 citeriorem
1339 1184 1406 1248 Fri·

300 1300 379 1362 siam
408 1298 536 1381 exputso
568 1294 728 1361 Radbode
757 1315 829 1379 rege
858 1303 1006 1377 ceperat,
1050 1293 1100 1355 itte
1133 1312 1187 1355 eos
1219 1291 1329 1356 denno
1361 1294 1405 1357 ad

298 1405 553 1493 praedicandum
586 1404 687 1478 misit,
719 1402 917 1488 praecipiens
945 1400 1078 1486 paganis
1097 1397 1155 1462 sibi
1175 1398 1306 1463 subditis
1327 1422 1408 1466 enc-

301 1515 429 1578 toritate
460 1513 562 1597 regia,
598 1531 640 1576 ne
669 1511 740 1598 quis
770 1508 1026 1594 praedicantibus
1046 1509 1207 1574 molestiae
1227 1509 1405 1596 quicquam

300 1621 448 1700 inferret3
478 1621 604 1704 insuper
632 1629 667 1682 ut
688 1619 792 1682 multis
812 1637 884 1691 eos,
919 1618 973 1702 qui
995 1616 1093 1680 fidem
1114 1616 1225 1682 Christi
1246 1619 1405 1703 suscipere

300 1729 435 1802 vellent,
464 1727 626 1792 beneficiis
655 1728 720 1811 ipse
749 1727 916 1792 attolieret.
961 1725 1049 1789 Unde
1079 1725 1198 1789 iactum
1229 1737 1274 1789 est
1296 1727 1406 1812 opitu·

299 1839 387 1902 lente
419 1836 523 1901 divina
552 1834 670 1919 gratia,
704 1842 740 1896 ut
773 1833 887 1895 multos
915 1833 950 1896 iu
982 1853 1039 1896 sua
1060 1831 1144 1898 brevi
1164 1834 1406 1918 praedicatione

301 1943 344 2009 ab
374 1942 522 2009 idolatria
553 1944 596 2006 ad
625 1939 722 2006 fidem
752 1938 864 2005 Christi
895 1951 1126 2005 converterent.
1175 1941 1405 2007 Convenientes

301 2052 344 2116 ad
375 2061 513 2116 castrum
544 2049 760 2123 Traiectense,
795 2047 886 2132 quod
907 2047 1029 2130 pridem
1049 2048 1282 2114 Wittemhurch
1303 2049 1339 2112 id
1359 2060 1404 2114 est
1468 2057 1472 2066 ’

301 2161 453 2245 oppidum
465 2158 635 2222 Wittorum
653 2157 837 2232 dicebatur,
861 2154 952 2241 quod
973 2156 1004 2219 in
1025 2165 1181 2240 potestate
1201 2158 1403 2222 orientalium

300 2268 493 2332 Francorum
523 2287 563 2330 so
593 2275 733 2347 tempore
753 2264 829 2337 fuit,
866 2262 920 2328 ubi
941 2264 1063 2328 dudum
1083 2265 1220 2351 inclytus
1241 2265 1403 2353 Degober-

299 2387 350 2439 tus
380 2383 509 2437 sanctus
542 2392 595 2435 rex
625 2372 779 2435 Franciae
807 2369 971 2454 (utsupra
992 2373 1026 2434 in
1048 2373 1147 2457 prima
1169 2383 1261 2456 parte
1282 2375 1401 2440 dictum

297 2481 357 2563 est)
390 2478 528 2543 construi
557 2478 673 2543 fecerat
704 2477 867 2542 ecclesiam
896 2478 928 2541 in
955 2477 1109 2542 honorent
1139 2480 1241 2544 sancti
1263 2480 1401 2546 Thomas

298 2588 453 2674 apostoli,
485 2586 540 2650 sed
570 2607 627 2670 per
648 2586 786 2650 Frisones
807 2605 874 2650 non
895 2586 994 2650 multo
1015 2596 1087 2670 post
1108 2588 1219 2652 iterum
1240 2589 1401 2656 destructe

298 2699 410 2762 fuerat.
453 2696 493 2761 in
515 2715 583 2782 quo
605 2696 678 2760 ioco
699 2715 800 2778 prope
820 2695 946 2758 runem
966 2695 1046 2758 itlius
1067 2695 1277 2778 primordialis
1297 2698 1401 2763 ecete-

296 2807 362 2871 siee
381 2805 482 2870 sancti
503 2803 663 2878 ihomm,
700 2823 784 2867 anno
806 2824 825 2866 a
847 2803 1012 2867 nativitate
1034 2805 1161 2868 Domini
1179 2805 1286 2892 vifxcv
1306 2827 1403 2890 super
1467 2835 1472 2840 ·

297 2914 544 2980 aedificaverunt
580 2911 616 2972 in
647 2908 801 2974 honorem
830 2921 961 2975 sanotae
991 2914 1094 2977 crucis
1126 2914 1321 2990 oratorium,
1365 2919 1400 2980 in

295 3043 365 3108 quo
403 3019 537 3084 renatiri
565 3018 659 3082 fontis
689 3029 919 3083 consecrarunt
948 3018 1181 3105 baptisterium,
1224 3033 1260 3086 ut
1290 3023 1402 3090 Christi

296 3127 406 3193 fideles
436 3125 480 3191 ob
509 3125 722 3190 defensionem
751 3126 915 3190 castellani
944 3127 1149 3194 Traiectensis
1169 3130 1323 3196 haberent
1344 3153 1402 3198 ac·

296 3257 418 3302 cessum
439 3234 482 3298 ad
503 3233 737 3319 suscipiendum
758 3235 838 3298 sacri
860 3235 1055 3320 baptismatis
1075 3250 1325 3306 sacramentum.

338 3342 583 3409 considerantes
603 3342 720 3406 deinde
739 3343 872 3426 praeisti
892 3343 1126 3428 praedicatores
1146 3368 1275 3413 messem
1289 3394 1298 3424 ,
1311 3351 1401 3434 quod

296 3453 446 3524 multam,
484 3451 643 3537 operarios
673 3462 777 3515 autem
818 3471 959 3536 paucos,
992 3454 1117 3519 iverunt
1148 3477 1236 3520 more
1272 3470 1402 3542 aposto·

295 3563 398 3624 iorum
428 3559 556 3636 Christi,
591 3560 656 3624 bini
687 3571 717 3624 et
750 3559 838 3635 bini,
874 3561 948 3624 trini
980 3573 1011 3627 et
1041 3565 1134 3642 trini,
1166 3565 1323 3632 adiunctis
1340 3567 1400 3632 sibi

296 3669 453 3754 aliquibus
484 3667 671 3753 neophytis,
703 3669 734 3731 in
757 3668 881 3732 diversis
902 3672 991 3757 pagis
1010 3672 1123 3738 Frisiae
1144 3675 1399 3762 Germaniaeque

295 3797 473 3862 provinciis.
