2916 5150
451 481 699 570 'canorucou
1066 503 1120 572 rsr

56 671 137 744 sibus.
170 671 216 736 vel
237 692 295 756 pro
318 669 413 736 tribus
434 673 598 758 sterlingen
621 674 711 738 novis
731 675 771 738 de
793 675 905 761 Anglia
927 683 1124 760 computato.

56 781 173 846 Solidum
205 790 308 846 autem
338 781 557 866 sterlingorum
588 803 764 856 novorum,
800 783 846 847 vel
867 795 1005 869 quatuor
1025 784 1125 849 Turo-

56 912 147 954 nenses
173 911 233 973 pro
261 890 445 974 quindecim
475 891 769 956 Monasteriensibus
803 894 849 958 vel
882 893 1125 980 Osuabruggcnr

56 999 132 1074 sibus,
153 999 207 1084 qui
230 999 322 1084 vulgo
341 1021 402 1082 npe
422 1001 610 1084 penningen
632 1013 871 1086 nurtcupantur,
894 1012 1125 1087 computamus.

54 1107 202 1172 Ilrodecim
234 1107 385 1192 antiquae
417 1106 589 1192 Engelscbe
618 1129 677 1191 pro
707 1131 759 1174 sex
789 1109 958 1186 ridderen,
993 1111 1038 1174 vel
1072 1129 1125 1174 sex

54 1215 176 1299 fliegeren
215 1235 276 1300 pro
315 1214 498 1299 quindecim
538 1217 832 1282 lllonasteriensibus
862 1220 909 1285 vel
941 1218 1127 1306 Osnabrug·

54 1323 185 1409 gensibus.
228 1323 267 1388 Et
299 1324 443 1410 quinque
475 1322 613 1410 Coplrini
643 1348 703 1411 pro
735 1328 902 1414 sterlingen
934 1329 1127 1394 decrevimus

54 1442 223 1516 computare.
268 1433 413 1514 Quatuor
435 1432 545 1498 balrcn
576 1456 636 1519 pro
669 1457 736 1501 uno
766 1437 871 1503 milite.
910 1413 1127 1502 Tres’Loven·

53 1541 108 1608 sebe
125 1565 180 1628 pro
200 1561 271 1606 uno
298 1541 481 1627 Engelsche.
525 1544 651 1608 lloneta
672 1555 777 1609 antem
797 1547 957 1610 minorum
977 1546 1128 1610 denario·

52 1675 122 1731 mm,
141 1674 221 1738 quae
247 1652 339 1736 vulgo
360 1653 468 1737 cleyne
488 1654 663 1738 penningen
684 1655 909 1730 nominantur,
933 1657 966 1719 in
988 1653 1129 1740 pondere

54 1763 218 1836 admittimus
256 1760 364 1824 decem
396 1771 426 1824 et
458 1771 576 1845 septem
608 1783 668 1844 pro
701 1783 768 1826 uno
798 1765 969 1848 sterlingen
992 1785 1128 1848 compo·

52 1871 148 1934 landos
173 1881 203 1933 et
225 1868 469 1954 ponderandos.
514 1871 546 1932 Si
568 1871 639 1955 quis
659 1871 692 1933 in
716 1872 858 1955 pondere
879 1874 1064 1960 deliquerit,
1097 1881 1128 1936 el

51 1979 201 2044 huiusmodi
244 1978 391 2043 denarios
423 1979 613 2060 portaverit,
647 1980 788 2042 falsarius
810 1982 1064 2067 computabitur,
1098 1989 1128 2044 et

50 2108 94 2171 per
119 2089 236 2154 iudices
264 2087 337 2150 furti
370 2085 487 2149 iudicio
521 2085 703 2171 corrigetur.
747 2084 882 2151 Omnem
906 2099 1011 2152 autem
1033 2090 1126 2152 aliam

52 2208 185 2262 monetam
222 2217 293 2282 quo
325 2194 366 2258 ad
399 2203 503 2278 partes
524 2193 656 2271 Frisiac,
692 2197 856 2261 communi
877 2196 1007 2263 decretu
1028 2197 1130 2260 Friso·

55 2325 113 2370 num
136 2305 358 2374 interdicimus
387 2314 417 2368 et
449 2303 506 2366 sub
537 2304 706 2371 interdicto
738 2307 907 2390 ponimus,
942 2325 982 2370 ac
1003 2307 1129 2392 penitus

55 2415 154 2483 abolere
184 2415 382 2482 decrevimus
412 2422 442 2478 et
476 2411 636 2478 abolemus
666 2414 700 2477 in
731 2426 919 2499 perpetuum
949 2436 1006 2501 per
1036 2436 1129 2502 prae·
1223 2471 1230 2488 Ι

56 2535 143 2593 sentes.

314 2631 485 2698 Vicesimus
505 2632 662 2696 sccundus
682 2631 849 2697 Articulus.

86 2747 113 2809 Si
130 2748 196 2832 quis
216 2742 412 2809 Zelandinus
433 2742 468 2803 in
490 2740 585 2804 aliam
607 2737 791 2803 Zelandiam
822 2759 882 2822 pro
913 2740 1130 2824 quaerimonia
1208 2817 1216 2826 ἱ

55 2853 90 2916 sel
115 2855 153 2918 rei
182 2850 346 2920 cuiuslibet
376 2849 496 2914 venerit
524 2847 609 2910 inlra
642 2846 780 2910 triduum
809 2846 908 2912 finem
937 2847 983 2909 sui
1014 2848 1130 2929 negotii
1228 2869 1233 2878 ·

54 2983 98 3045 per
122 2964 238 3030 iudices
269 2969 496 3044 consequatur.
540 2956 597 3020 Sin
630 2967 756 3031 autem,
790 2956 824 3018 in
858 2956 1002 3040 expensis
1021 2955 1132 3019 iudicis

53 3080 76 3132 et
100 3070 294 3159 greetmanni
327 3089 365 3132 ac
397 3065 598 3132 conludicum
639 3085 767 3128 suorum
787 3073 931 3140 maneat.
966 3086 1132 3151 quousque

53 3178 132 3244 finem
152 3181 198 3245 sui
219 3177 338 3264 negotii
359 3198 416 3260 per
436 3174 554 3238 iudices
574 3181 796 3256 consequatur.

343 3285 514 3350 Vicesimus
533 3282 640 3347 tertius
661 3280 843 3346 Articulus.'

84 3399 127 3462 lld
156 3399 257 3464 robur
286 3405 390 3460 autem
423 3402 454 3457 et
487 3390 611 3457 roboris
645 3390 847 3453 diurnitatem
869 3391 1132 3455 constitutionum

52 3509 270 3588 praedictarum
300 3502 491 3568 decrevimus
522 3512 553 3564 et
584 3500 764 3574 statuimus,
810 3509 845 3560 ut
877 3498 1007 3582 quilibet
1040 3498 1133 3562 iudex

53 3612 231 3681 Zelandinus
261 3616 292 3677 in
323 3613 401 3675 sesto
433 3606 572 3673 Paschae
593 3608 716 3671 noviter
736 3607 854 3671 electus
874 3605 932 3669 sub
953 3607 1133 3669 iuramento

52 3743 113 3790 suae
140 3722 367 3792 commissionis
398 3717 603 3784 iureiurando
635 3717 778 3801 deponat
811 3726 842 3778 et
863 3715 1014 3790 affirmet,
1048 3717 1135 3799 pacis

52 3842 75 3894 et
112 3832 321 3900 ordinationis
361 3827 540 3914 praedictos
569 3825 717 3891 articulos
746 3846 778 3889 se
811 3844 884 3888 cum
917 3825 977 3886 suis
1006 3824 1135 3887 subditis

51 3954 190 4028 perpetuo
213 3941 395 4013 observare,
429 3947 460 4002 et
492 3937 526 3998 in
555 3935 587 3998 id
608 3935 708 4020 ipsum
730 3933 818 4018 plebs
838 3931 886 3998 vel
907 3932 1042 4016 populus
1062 3953 1135 3998 suae

51 4051 279 4127 iurisdictionis,
325 4050 550 4131 cuiuscumque
581 4044 776 4109 conditionis
807 4042 869 4105 sint
902 4041 949 4104 vel
980 4042 1132 4117 existant,

51 4161 242 4228 iureiurando
265 4161 310 4227 vel
333 4159 396 4223 fide
417 4156 519 4220 media
542 4175 572 4217 se
593 4153 732 4236 obligent
754 4162 784 4216 et
807 4151 990 4235 astringant.
