2916 5150
514 487 761 555 CHRONICON.
1128 489 1189 556 187

89 657 257 747 quendam
288 656 428 723 nobilem
461 657 622 724 Frisonem
651 677 750 742 usque
783 657 826 722 ed
856 665 990 722 mortem
1011 676 1043 720 se
1065 657 1191 724 viriliter

88 768 316 836 defendentem
348 767 477 852 propris
508 787 608 837 mauu
638 767 805 834 interfecit.
847 767 997 834 Videntes
1029 785 1104 854 ergo
1126 767 1191 831 Fri·

86 898 178 944 souee
209 867 417 951 incendium,
452 876 541 940 simut
572 857 774 962 conglobati,
809 877 910 962 ipsum
940 875 1086 942 comitem
1118 897 1190 942 cum

87 988 176 1052 omni
226 1006 284 1051 suo
315 986 453 1050 exercitu
482 987 719 1061 interemerunt,
754 997 785 1052 et
814 988 847 1052 in
879 985 1053 1052 vindictam
1081 983 1193 1050 nobilis

86 1095 172 1160 Frisii
207 1094 304 1159 occisi
334 1093 399 1158 iere
419 1115 527 1158 omues
547 1105 688 1160 mortuos
708 1095 955 1161 decollaverunt.
999 1095 1036 1160 Et
1058 1095 1102 1159 sic
1123 1095 1192 1160 sec·

87 1213 152 1269 tum
184 1214 233 1268 est
254 1202 345 1288 quod
364 1201 407 1267 eb
427 1201 506 1268 horn
527 1214 612 1270 sexte
633 1205 673 1270 de
694 1227 790 1271 mene
810 1227 909 1291 usque
930 1205 972 1269 ed
993 1203 1104 1269 horem
1126 1221 1192 1268 ses·

86 1333 256 1398 perseum,
289 1321 423 1395 excepto
456 1313 573 1377 comite
603 1315 707 1378 occisa
728 1324 802 1378 sunt
824 1314 1004 1379 octodecim
1026 1313 1191 1376 hominum

86 1420 181 1484 millis
204 1419 324 1505 pariter
345 1439 385 1482 sc
406 1417 574 1486 submersa.
603 1421 688 1486 Inter
707 1443 789 1507 quos
809 1421 991 1506 insigniores
1012 1420 1044 1483 hi
1064 1420 1189 1486 inerunt

88 1529 239 1594 dominus
268 1527 309 1592 de
341 1528 452 1603 Horu,
487 1528 635 1594 dominus
656 1531 698 1594 de
717 1532 833 1616 ligne,
869 1530 1016 1595 dominus
1037 1529 1077 1594 de
1097 1528 1192 1596 Veie-

88 1648 186 1714 cont‚
211 1636 363 1702 dominus
383 1636 424 1700 de
445 1637 564 1713 hlenii,
586 1638 734 1703 dominus
754 1641 794 1704 de
815 1645 1007 1724 Antongen‚
1042 1638 1192 1704 domiuus

89 1746 129 1813 de
159 1743 332 1812 Humstede
365 1767 403 1810 ex
425 1744 594 1826 zelandia,
629 1750 778 1812 dominus
798 1749 838 1812 de
859 1748 1017 1815 Merwede
1038 1768 1076 1812 ex
1097 1749 1192 1813 Flen-

89 1854 174 1931 drin,
200 1866 235 1921 et
255 1855 304 1920 isti
325 1865 442 1940 septem
465 1879 576 1922 omnes
599 1857 746 1924 barones.
769 1859 925 1924 Gererdus
935 1858 1045 1923 mitten
1056 1856 1189 1934 heerde,

91 1963 276 2030 Wilhslmus
296 1962 338 2030 de
363 1963 573 2050 Nneldwyck,
606 1966 714 2030 Simon
735 1977 765 2029 et
786 1967 995 2032 Theodericus
1015 1967 1055 2030 de
1077 1966 1192 2030 Teitin-

90 2093 169 2158 gen,
203 2071 311 2138 Guido
333 2072 373 2137 de
394 2074 554 2157 hsperen,
588 2074 746 2149 ioannes,
778 2073 928 2138 Reicerus
954 2085 984 2139 et
1007 2076 1193 2140 Wilhetmus

91 2179 128 2244 de
149 2181 355 2256 Montiorde,
385 2180 592 2247 Theodericus
625 2182 665 2246 de
687 2179 875 2257 Zenthorst,
916 2181 1119 2246 Burmannus
1150 2183 1191 2248 de

92 2289 254 2365 Zwieten‚
299 2290 473 2354 Florentius
504 2290 544 2354 de
576 2291 735 2365 stercen,
754 2283 918 2376 ¹Oetgerus
947 2289 988 2354 de
1018 2290 1189 2378 Spengen,

90 2399 271 2474 Gerendus,
295 2398 469 2463 Erercrdus
490 2409 521 2463 et
542 2399 685 2464 Alferdus
705 2399 745 2463 de
766 2398 983 2486 Bergerhorst,
1007 2399 1191 2464 Withelmus

94 2508 132 2573 de
152 2511 302 2595 Dongen
327 2507 535 2573 Theodericus
556 2509 596 2572 de
618 2509 826 2585 Vlaencoert,
851 2508 1007 2574 Gerendus
1027 2508 1067 2574 de
1086 2508 1192 2574 Flore-

90 2620 173 2706 muyl
191 2625 261 2683 etc.
305 2616 342 2680 Et
364 2615 394 2694 hi
416 2638 524 2680 omues
543 2616 662 2702 equites
684 2618 794 2683 sumti.
846 2617 884 2680 In
907 2617 1097 2702 quibusdem
1117 2641 1191 2685 crc-

91 2729 168 2794 nicis
189 2729 342 2814 legimus,
379 2727 536 2792 ducentos
566 2726 780 2812 quadraginta
800 2727 950 2812 equestris
971 2727 1088 2791 ordinis
1108 2729 1190 2818 vipos

90 2835 180 2904 ineo
206 2835 326 2924 proelio
348 2837 515 2918 occidisse,
546 2836 682 2921 exceptis
703 2836 849 2900 militibus
869 2835 1087 2919 stipendium,
1112 2837 1189 2901 civi·

90 2941 145 3010 bus
176 2956 212 3012 et
244 2946 357 3031 vulgo,
392 2947 447 3030 qui
477 2968 558 3032 pene
587 2944 831 3010 innumerabiles
860 2955 968 3026 ereut;
1001 2944 1089 3030 quod
1120 2965 1188 3009 osse

89 3055 271 3119 occisorum
292 3055 433 3119 Stauriee
465 3057 498 3119 in
533 3056 712 3121 caemiterio
735 3055 916 3119 monasterii
937 3054 1000 3118 diri
1022 3053 1188 3120 Benedicti
1240 3131 1247 3150 θ

89 3159 122 3226 in
142 3183 245 3230 unum
275 3164 429 3228 tumulum
451 3174 598 3249 congesta
619 3173 787 3228 testentur.
829 3163 874 3227 De
896 3162 1009 3247 quibus
1031 3163 1187 3228 Gererdus

90 3267 301 3360 Noviomagus
321 3271 397 3336 heut
417 3271 561 3359 ignobilis
580 3282 675 3358 poeto
697 3271 835 3338 subiecta
857 3272 972 3339 cecinit
994 3274 1146 3338 carmine·

241 3492 394 3570 Egressum
414 3493 506 3552 Succa
525 3515 572 3552 me
591 3493 699 3570 excepit
719 3493 857 3559 Stauris,
875 3493 1021 3570 quondam

241 3593 370 3652 Postibus
390 3613 425 3652 ex
444 3615 516 3654 euro
536 3595 617 3654 factis
637 3605 747 3654 amueta
767 3596 919 3654 domorum

240 3696 358 3755 Limine
375 3696 499 3764 fulcire,
518 3707 548 3756 ut
570 3698 656 3755 modo
675 3699 723 3757 rix
741 3700 859 3777 vestigia
878 3699 967 3778 prisci

242 3797 411 3876 splendoris
430 3800 555 3866 retinet,
573 3801 679 3859 fluctus
698 3821 832 3879 perpessa
850 3801 978 3860 furentes

242 3899 339 3960 Vicini
360 3901 485 3969 Oceani,
504 3902 572 3960 licet
590 3905 638 3960 hic
657 3913 752 3962 temen
772 3923 835 3962 ossa
854 3905 950 3964 videre
1076 3942 1078 3948 -

244 4001 382 4082 Congesta
400 4004 434 4062 in
452 4005 599 4062 tumulum
619 4005 825 4063 Hollaudorum
845 4007 978 4085 principe
999 4025 1079 4064 caeso

243 4107 266 4161 Δ
285 4104 405 4172 Frisiis.
424 4107 547 4184 pulchra
563 4126 617 4184 pro
636 4107 768 4166 libertate
787 4109 895 4185 peratis

243 4204 343 4266 Mortis
364 4209 445 4269 edire
465 4210 695 4290 domos‚pat1·io
715 4211 759 4269 rel
779 4213 872 4270 virere
892 4214 965 4271 iure.
