2916 5150
475 487 723 552 chrronicon.
1093 491 1149 554 1³1

61 653 154 716 exiens
184 652 226 714 sd
261 652 381 716 vicinos
413 654 602 720 Hohnndine
634 676 755 740 pagos,
789 659 857 722 ihos
878 657 1098 722 comburendo
1119 668 1150 722 et

58 758 271 844 depraedando
292 759 412 824 damna
433 783 552 847 magna
573 763 679 826 intulit
702 763 877 830 Hohondis.
920 764 1026 844 Quare
1046 763 1151 828 Theo·

59 869 166 932 derisus
198 868 389 934 floihndine
419 890 524 934 comes
554 881 748 956 congregato
770 872 908 936 exercitu
929 891 1048 956 magno
1067 871 1149 936 misit

58 995 118 1037 eum
154 974 359 1040 Alcmsriom.
414 975 534 1042 Conhs
566 997 647 1062 quos
679 977 865 1042 wilhelmus
895 999 969 1042 cum
1010 979 1148 1044 exercitu

56 1081 205 1144 Frisonum
236 1083 446 1165 proeliaturus
475 1084 614 1149 advenit.
657 1084 721 1148 Sed
753 1084 833 1149 inito
866 1086 929 1149 iem
951 1086 1144 1160 certamine,

57 1207 118 1251 esee
143 1187 201 1271 ipsi
235 1188 276 1252 de
299 1187 450 1254 Winchel
471 1201 502 1254 et
525 1191 658 1277 Nydorp
679 1211 738 1274 pro
758 1203 853 1275 pects
875 1193 931 1256 sibi
952 1193 994 1256 ab
1016 1193 1149 1258 ssohun·

56 1293 95 1356 dis
111 1293 242 1377 pecunia
266 1295 412 1379 sugerunt
434 1296 475 1362 de
495 1298 780 1381 proelio.ose1eris
801 1299 900 1362 Frisiis
921 1319 994 1364 oum
1015 1299 1146 1365 domino

57 1400 208 1465 Wiihelmo
252 1403 288 1465 in
331 1404 472 1486 periculo
504 1405 626 1470 redieris.
681 1405 833 1470 videntes
862 1416 967 1470 nutem
1000 1406 1083 1470 Frisii
1115 1427 1147 1470 se

55 1509 180 1592 proditos
212 1530 231 1572 n
268 1511 349 1584 suis,
382 1520 481 1596 elque
501 1510 543 1574 sb
565 1510 753 1576 Hoilondine
774 1512 912 1577 exercitu
942 1531 974 1574 se
1005 1510 1147 1596 undique

56 1616 271 1690 circumdatos,
296 1637 359 1682 nee
379 1617 523 1704 fugiendi
541 1637 606 1683 esse
627 1619 751 1694 losum,
776 1639 841 1684 mse
860 1628 972 1682 mutuo
993 1639 1067 1683 curn
1088 1639 1146 1684 suo

57 1723 168 1788 domino
199 1723 375 1790 Wiiheimo
406 1725 629 1802 adhesimus,
666 1727 819 1793 nudeoier
850 1747 889 1792 sc
920 1727 1042 1791 sortirer
1070 1729 1147 1790 floi-

57 1832 207 1895 hndorum
240 1832 415 1896 exereitum
447 1834 626 1920 pugnando
658 1835 880 1918 irrumpentes,
916 1836 1010 1900 iihesi
1040 1856 1147 1900 erose-

23 2005 27 2012 .
57 1949 127 2003 runi.
165 1940 239 2004 Post
277 1939 338 2004 hoo
370 1941 474 2015 Frisii,
507 1943 582 2025 quin
617 1941 783 2006 dominum
805 1942 1007 2007 Wilheimum
1029 1943 1063 2005 in
1090 1944 1144 2007 inii

55 2048 176 2128 periculo
205 2059 237 2112 et
274 2048 457 2114 necessitate
484 2047 618 2112 fideliter
638 2049 681 2112 eis
701 2051 889 2114 assistentem
910 2050 1027 2132 experti
1048 2061 1144 2124 sunt,

57 2175 157 2238 semper
186 2157 278 2220 iilum
316 2177 354 2220 ex
386 2157 492 2219 animo
526 2175 636 2219 carum
679 2155 875 2230 hahuerunt,
924 2165 1020 2238 atque
1051 2176 1082 2217 se
1114 2167 1145 2220 et

57 2282 100 2326 sun
118 2267 219 2329 omnis
242 2265 287 2329 ihi
308 2265 525 2330 crediderunt.

88 2373 196 2437 Deinde
230 2371 446 2438 Baldewinus
475 2371 642 2455 episeopus
670 2370 890 2445 Trsieetensis‚
937 2368 1145 2434 Theodericus

56 2483 228 2566 praepositus
262 2481 295 2545 in
317 2499 458 2554 summo,
493 2489 524 2544 et
546 2477 623 2542 ouo
643 2499 750 2543 comes
770 2478 812 2543 de
834 2478 1004 2553 Benthem,
1036 2477 1144 2542 iratres

56 2591 141 2670 patrui
171 2587 413 2675 praedictorum
442 2587 593 2660 fratrum,
629 2586 875 2649 reformaverunt
896 2588 978 2649 inter
998 2587 1067 2650 ilios
1087 2607 1145 2670 pn·

56 2715 128 2771 eeu.
166 2717 203 2760 en
249 2695 393 2761 videlicet
423 2692 626 2766 conditione,
671 2691 761 2776 quod
794 2691 1023 2764 Theodericus,
1066 2696 1144 2777 quin

56 2805 140 2868 senior
165 2815 259 2878 esst,
294 2812 437 2866 muneret
467 2819 573 2865 eomes
604 2799 811 2872 Holinndiae.
855 2798 1037 2862 Wiihelmus
1068 2819 1142 2862 sero

12 2897 15 3054 j
55 2910 161 2978 Frisium
179 2922 252 2986 ¹lum
266 2909 512 2984 occidentalem,
527 2928 625 2993 quem
637 2905 823 2972 Orientniem
845 2905 885 2970 de
905 2926 999 2970 manu
1020 2907 1144 2970 comitis

55 3018 139 3084 fratris
156 3022 202 3084 sui
223 3020 386 3104 acciperet
407 3019 441 3082 in
464 3015 601 3081 feudum.
645 3015 775 3098 Insuper
795 3015 924 3099 singuiis
936 3015 1037 3086 ‚annis
1057 3013 1140 3078 idem

20 3174 24 3185 .
55 3127 219 3194 Wilhelmus
250 3130 369 3194 levaret
403 3145 462 3191 coc
483 3125 576 3188 libros
598 3124 638 3186 de
660 3122 808 3186 theloneo
829 3121 1060 3188 Gheervlitensi.
1103 3124 1141 3186 Et

12 3249 14 3330 ζ
54 3233 90 3298 sio
115 3215 295 3302 wilhelmus
327 3235 368 3298 od
399 3254 470 3298 suos
491 3251 642 3318 regressus
663 3231 773 3294 Frisios
793 3231 894 3295 foelus
914 3240 958 3293 est
980 3231 1141 3314 utriusque

53 3339 303 3424 Frisisediieolus
324 3343 482 3408 domiuus.
528 3339 715 3405 Aedifionvii
742 3349 880 3403 oestrum
902 3339 933 3400 in
955 3337 1136 3414 Oeslernee,

12 3439 13 3510 Ῑ
52 3443 248 3540 habitavitque
281 3453 317 3516 in
337 3452 402 3516 illo.
445 3451 483 3514 Εῑ
503 3449 562 3512 fuis
582 3451 775 3512 continuum
796 3445 911 3510 beilum
932 3446 1136 3528 interipsum

51 3560 242 3625 deomitem
276 3560 317 3623 de
346 3559 472 3633 Cunre,
507 3556 719 3640 percussisque
750 3555 785 3617 in
818 3573 885 3616 uno
913 3555 1032 3635 proelio
1055 3552 1136 3616 uhra

51 3664 219 3753 quingentos
241 3669 323 3737 viros
344 3666 384 3730 de
405 3664 541 3730 exercitu
564 3663 685 3752 comitis
707 3661 747 3726 de
769 3661 885 3727 Cunre.
