2916 5150
463 500 711 566 CIIIIONICON.
1088 501 1148 566 165

15 727 16 730 ,
64 675 143 738 caleo
162 673 194 734 iu
216 691 273 735 suo
303 673 518 754 patrimonio,
541 692 578 734 ex
600 670 806 734 conniventia
827 672 967 755 episcopi
990 671 1150 736 ilonaste·

63 781 170 851 riensis.
192 779 242 840 »in
274 779 362 842 euius
394 779 509 842 diocesi
531 777 692 860 praedicta
713 778 826 840 sacella
849 789 915 840 erat
936 779 1013 850 sita,
1048 800 1148 863 quam

62 889 142 952 etiam
162 887 355 951 sufficienter
377 887 417 949 ad
439 887 667 952 sacerdotalem
690 887 948 950 sustentationem
969 887 1147 951 dotaverat.

65 994 166 1060 videns
196 994 368 1078 postmodo
399 993 527 1058 fratrem
559 995 704 1059 Gerieum
737 1015 776 1058 ex
808 995 868 1058 suis
899 995 960 1058 inm
992 994 1085 1059 bonis
1106 995 1148 1059 ad

63 1100 197 1164 honorem
220 1102 449 1185 omnipotentis
471 1103 524 1166 Ilei
546 1102 716 1166 claustrum
739 1103 949 1166 construxisse
970 1103 1148 1168 monacho·

64 1231 139 1284 rum,
172 1231 236 1272 sese
271 1231 327 1294 per
359 1209 421 1274 hoc
439 1211 586 1294 -amplius
617 1210 657 1272 ad
680 1210 788 1274 similia
811 1211 960 1274 iacienda
981 1211 1148 1274 incitatum

62 1317 274 1401 suspicabatur.
328 1319 443 1382 Accito
475 1319 569 1403 igitur
602 1339 657 1401 per
689 1319 837 1382 nuntium
869 1318 1004 1382 domino
1036 1321 1148 1403 Elgero

63 1426 162 1490 abbate
189 1427 278 1489 llorti
300 1427 436 1498 Mariae.
473 1427 591 1489 ordinis
610 1426 990 1501 Praamonstratensium,
1027 1427 1150 1510 aperuit

63 1535 84 1598 ei
110 1555 176 1598 suae
208 1536 395 1598 intentionis
416 1544 588 1607 secretum,
624 1534 735 1598 dicens
755 1555 788 1598 se
808 1537 922 1599 relictis
942 1536 1037 1599 seculi
1059 1535 1149 1598 vani-

63 1644 160 1707 tatibus
188 1643 298 1707 omuia
320 1664 403 1727 quae
423 1642 621 1726 possidebat,
645 1641 745 1706 eidem
767 1644 861 1726 plene
884 1644 958 1707 velle
979 1644 1148 1726 resignare.

64 1753 143 1834 Quod
172 1761 203 1816 et
237 1752 283 1814 ita
304 1752 425 1815 factum
447 1761 502 1814 est.
547 1751 627 1814 Nem
650 1749 748 1815 abbas
769 1751 949 1835 praedictus
969 1772 1079 1816 euram
1100 1752 1149 1836 ip·

64 1861 111 1922 sius
128 1861 310 1925 monasterii
341 1859 382 1923 ab
410 1861 561 1944 episcopo
584 1860 837 1934 monasteriensi,
870 1862 901 1924 in
924 1863 1012 1925 euius
1032 1862 1150 1926 diocesi

63 1979 99 2031 cst
116 1979 347 2044 constructum,
371 1968 405 2029 in
428 1968 569 2031 districtu
591 1969 734 2033 videlicet
756 1969 839 2034 Octo
864 1971 1018 2056 Pagorum
1043 1970 1150 2055 (vulgo

63 2076 331 2162 teht-Kerspeleu)
358 2077 545 2159 suscipiens,
565 2075 742 2139 introduxit
763 2078 797 2138 in
819 2077 873 2140 illo
894 2079 1152 2142 sanctimoniales

63 2185 163 2248 ordinis
191 2185 548 2249 Pruemonstrntensiunr
581 2205 619 2246 ex
641 2183 799 2248 Bethleem
834 2195 1026 2268 assumptas,
1061 2185 1150 2247 cuius
1264 2187 1267 2193 '

63 2296 145 2376 prima
164 2293 299 2358 eeclesia
321 2301 505 2356 consecrata
527 2301 572 2354 ost
594 2312 682 2354 anno
703 2292 830 2355 Domini
852 2293 993 2369 mccxlii,
1018 2292 1149 2376 septimo

66 2402 194 2467 calendas
213 2400 375 2466 Octobris.
418 2402 518 2464 Anno
540 2401 666 2464 Domini
687 2401 830 2476 mccxlv,
855 2410 1034 2467 conventus
1053 2401 1150 2466 Prae·

67 2508 223 2575 dicatorum
246 2511 283 2573 in
305 2508 489 2574 Leuwerdia
512 2509 677 2574 tundatur.

66 2943 113 3001 lle
128 2947 288 3016 proeliis
303 2943 516 3012 Florentii,
536 2959 585 3002 xv
602 2945 754 3002 comitis
779 2943 1035 3011 nonancurte,
1056 2953 1147 3000 eon·

135 3040 193 3096 trra
223 3037 493 3096 ooornenaares
519 3039 722 3105 Rusones,
753 3037 864 3094 etde
890 3037 1056 3108 quotuor

151 3134 292 3190 eastris
317 3132 358 3187 ln
385 3132 513 3188 Prista
541 3129 786 3187 occidentali
809 3129 1043 3187 androcotto.

467 3329 554 3395 CAP.
577 3329 720 3395 XXXIII.

20 3604 21 3608 Ἰ
96 3523 161 3588 Post
194 3533 329 3588 mortem
351 3518 509 3587 Wilhelmi
531 3521 755 3585 Romanorum
777 3519 856 3604 regis
876 3528 907 3581 et
929 3519 1052 3582 comitis
1074 3521 1150 3582 Hol-

63 3627 192 3709 landiae‚
226 3633 329 3696 factus
359 3641 403 3694 est
437 3649 542 3695 comes
578 3626 766 3694 Hellandiae
797 3637 827 3689 et
849 3625 1017 3689 Zelandiae
1039 3625 1149 3709 (seda

15 3815 16 3822 ἵ
63 3735 226 3804 l'risonibus
258 3760 328 3803 uon
350 3737 505 3822 receptus)
530 3735 704 3800 Florentius
725 3733 815 3796 huius
837 3733 976 3797 nominis
996 3733 1147 3819 quintus,

15 3833 17 3892 ἶ
62 3843 130 3910 lilius
158 3848 316 3913 Wilhelmi
349 3851 428 3932 regis
458 3846 682 3910 Romanorum
691 3883 706 3920 ‚·
738 3843 793 3928 qui
823 3842 877 3905 diu
906 3841 964 3907 sub
995 3841 1150 3905 tutoribus

62 3952 141 4030 vixit,
170 3959 247 4041 quia
268 3977 347 4041 puer
368 3965 444 4020 erat.
487 3955 586 4017 Anno
608 3953 734 4017 Domini
754 3952 918 4017 mcclxxiiii
932 3950 974 4035 (*)
998 3952 1150 4016 commoti

62 4084 192 4109 *-

92 4160 132 4230 (*)
169 4161 313 4232 Scriptum
339 4171 384 4217 est
410 4173 619 4224 rrccmnn,
649 4167 678 4211 at
705 4158 823 4211 secunde
850 4173 932 4209 manu
964 4163 1102 4212 mutatum
1121 4161 1149 4211 in

66 4261 246 4311 HCGLXVIH·
