2916 5150
297 479 358 546 19⁰
715 477 933 543 WosPsal

295 649 443 712 dominus
472 646 514 711 de
536 647 670 723 arctet,
703 648 851 710 dominus
880 649 922 710 de
943 645 1109 732 Egmonda
1131 654 1162 708 et
1182 641 1326 704 dominus
1342 638 1379 702 de

294 757 513 822 Heemskerck.
555 756 639 820 Istae
668 758 752 820 duae
784 756 990 840 partialitates
1019 765 1118 818 totam
1151 760 1379 817 commoverunt

294 866 514 940 llollandiam,
531 875 714 931 -causantes
743 865 893 948 rapinas,
923 864 1073 929 incendia
1093 872 1126 926 et
1147 860 1309 925 homicidia
1328 879 1379 943 per

294 983 394 1039 totam
425 972 637 1038 llollandiam.
680 972 801 1037 Eodem
830 993 915 1058 pene
947 983 1088 1058 tempore
1120 981 1152 1035 et
1184 971 1276 1033 annis
1292 969 1377 1034 etiam

294 1084 327 1148 in
356 1083 458 1148 Gelria
488 1092 663 1168 coeperunt
692 1081 775 1146 duae
805 1082 1010 1165 partialitates
1031 1081 1177 1145 videlicet
1197 1077 1376 1143 Bronchorst

293 1201 325 1255 et
353 1191 481 1256 llekers.
534 1189 712 1256 Reinoldus
743 1191 829 1254 anun
860 1211 965 1254 comes
996 1190 1137 1264 Geli-iae,
1179 1188 1266 1252 cuius
1293 1208 1375 1272 sopra

293 1299 407 1364 eodem
437 1299 518 1363 libro
545 1319 612 1363 non
633 1320 707 1363 raro
726 1300 924 1362 mentionem
945 1299 1027 1375 leci,
1050 1298 1179 1384 reliquit
1200 1296 1277 1361 duos
1293 1297 1373 1361 lilios.

232 1433 238 1454 =
293 1407 523 1494 Primogenitns
564 1408 667 1474 dictus
698 1417 743 1471 est
775 1407 968 1483 Reinoldus‚
1014 1419 1046 1473 et
1076 1409 1181 1472 lactus
1212 1417 1254 1472 est
1284 1425 1376 1471 comes

294 1516 424 1582 Gelriae.
467 1517 632 1582 Secundus
655 1515 758 1580 dictus
778 1527 824 1580 est
844 1517 1017 1597 Eduardus.
1059 1517 1124 1600 Qui
1148 1516 1300 1581 Eduardus
1315 1535 1375 1578 am·

168 1637 175 1650 “
292 1624 383 1689 hiens
415 1625 618 1701 comitatum,
653 1625 769 1690 auxilio
801 1625 881 1689 illius
911 1627 1033 1709 partis,
1065 1645 1154 1710 quac
1175 1621 1374 1688 Bronckhorst

292 1733 407 1798 dicitur
435 1735 588 1818 pugnavit
609 1743 725 1798 contra
746 1733 941 1798 Reinoldum
962 1735 1110 1798 comitem
1131 1735 1257 1798 fratrem
1275 1753 1368 1803 suum,

292 1861 388 1928 quem
419 1843 535 1906 Helices
567 1843 729 1908 iuvabant.
773 1844 812 1906 Et
844 1842 969 1909 duravit
997 1843 1055 1907 ista
1087 1844 1259 1928 partialitas
1289 1838 1371 1902 annis

293 1949 396 2015 multis
425 1952 460 2014 in
493 1951 593 2015 Gelria
624 1972 693 2015 non
725 1951 794 2015 sine
824 1952 910 2037 gravi
943 1950 1136 2016 detrimento
1168 1953 1245 2016 illius
1274 1961 1370 2014 terrae.

293 2059 433 2142 Quando
466 2069 571 2124 autem
591 2061 794 2144 partialitates
814 2061 848 2122 in
865 2060 964 2138 'Frisia
982 2061 1086 2146 primo
1108 2071 1184 2124 sunt
1205 2070 1288 2124 ortae
1305 2078 1375 2122 neo·

294 2168 370 2232 dum
390 2169 511 2244 inveni,
534 2169 592 2232 nisi
611 2169 700 2254 quod
722 2189 792 2233 non
812 2169 876 2232 sine
896 2169 1018 2233 ratione
1039 2169 1259 2234 indubitanter
1276 2167 1374 2240 credo,

293 2277 356 2342 hoc
387 2277 500 2342 eodem
532 2288 672 2362 tempore
699 2277 843 2344 videlicet
864 2284 950 2342 circa
972 2299 1096 2341 annum
1119 2279 1244 2341 Domini
1264 2276 1371 2349 mcccl,

293 2385 378 2450 hanc
407 2395 523 2470 pestem
554 2386 647 2448 etiam
677 2387 711 2448 in
733 2387 826 2448 Frisia
848 2396 951 2448 ortam
971 2386 1062 2452 luisse
1081 2408 1122 2451 ex
1142 2387 1296 2453 conversis
1312 2404 1372 2448 mo·

293 2493 501 2556 austeriorum
521 2502 553 2556 et
574 2493 744 2576 capitaneis
764 2493 800 2555 iis
821 2492 1071 2572 confoederatis,
1106 2509 1142 2561 ut
1162 2517 1254 2582 supra
1274 2493 1373 2560 eodem

291 2597 374 2662 libro
405 2600 510 2682 capite
541 2600 572 2663 xl
594 2601 736 2666 diximus.
779 2603 854 2665 Post
884 2623 998 2666 novem
1031 2615 1139 2669 autem
1161 2627 1263 2670 annos
1282 2622 1376 2668 comes

293 2705 478 2772 wilhelmus
498 2710 695 2794 supradictus
715 2710 816 2776 tactus
836 2721 882 2775 est
904 2733 1009 2776 amens
1029 2717 1110 2777 etia
1135 2715 1376 2797 custodiensque

294 2815 336 2881 ad
364 2817 463 2880 finem
493 2818 574 2882 vitae
600 2840 674 2883 suae
694 2821 832 2903 positus,
865 2830 896 2883 et
917 2821 1019 2885 dictus
1039 2833 1082 2886 est
1106 2825 1162 2888 die
1182 2826 1261 2888 dolle
1281 2818 1374 2887 Grael.
1444 2849 1445 2856 ¹

335 2927 433 2988 Anno
465 2927 591 2989 Domini
627 2927 729 2990 mcccl
762 2937 851 2990 tanta
883 2928 942 2991 luit
963 2951 1020 3013 per
1039 2931 1168 2996 Frisiam
1190 2929 1370 3018 pestilentia.

293 3043 447 3118 quantam
470 3054 636 3119 nunquam
657 3036 744 3119 prior
764 3045 850 3100 aetas
871 3051 996 3122 experta
1017 3040 1085 3106 luit.
1164 3040 1169 3050 '

802 3321 881 3352 not
998 3311 1007 3329 ⁸

358 3577 417 3632 De
434 3576 597 3634 ilberto
616 3579 756 3636 comite
774 3581 1006 3640 lollandlae
1025 3586 1067 3643 et
1085 3586 1134 3644 de
1151 3587 1309 3657 proclus

662 3685 747 3728 cun
764 3675 1004 3734 monibus.

726 3871 813 3940 cla.
834 3875 945 3944 xttlt.

331 4084 424 4150 Anno
453 4087 577 4152 Domini
608 4091 771 4167 mccclvii,
795 4093 937 4158 Albertus
957 4097 1038 4162 filius
1058 4101 1224 4168 Ludowici
1245 4103 1366 4187 impera·

286 4191 362 4255 toris
392 4205 422 4258 et
454 4196 542 4262 ducis
570 4197 740 4275 Baianae,
776 4200 871 4266 frater
892 4205 1047 4271 Wilhelmi
1079 4213 1199 4276 comitis
1226 4207 1367 4296 praedicti
