2950 5144
519 469 770 538 canonicor.
1143 473 1187 540 ῃ

82 646 219 722 dicitu,
257 661 356 708 anno
386 638 520 708 nomine
552 637 751 704 Britanniam
781 635 924 712 vocarit,
959 657 1045 723 quae
1076 636 1194 704 Albion

85 755 264 825 dicebatur.
295 751 381 816 Haec
402 747 587 815 Vincentius
606 745 661 811 lib.
681 745 758 812 xrii⁰
779 743 905 828 Speculi
925 745 1109 812 flinoriattr.

129 864 282 948 Gigantea
302 870 406 926 autem
438 877 521 944 quor
541 857 657 920 Bmtua
687 853 729 920 nb
749 853 843 918 Albio
863 855 1003 940 fugavit,
1038 855 1197 942 navigan.

87 985 132 1039 tea
150 993 210 1057 per
231 991 319 1036 mare
340 988 444 1034 veretra
465 967 615 1032 orientem
649 963 697 1048 (nt
729 964 806 1030 dicit
825 963 987 1032 Chronica
1007 963 1197 1030 bollandiae

88 1077 155 1148 eine
175 1091 266 1148 certo
287 1076 423 1161 autore),
445 1075 669 1162 quaesiverunt
689 1073 837 1160 aequoria
855 1071 1008 1150 flumina,
1029 1082 1064 1138 ut
1086 1073 1197 1139 introi.

88 1203 155 1258 tum
176 1191 219 1254 ad
241 1201 339 1254 terrae
359 1184 567 1271 possidendae
587 1182 775 1249 invenirent.
808 1180 953 1246 Tandem
972 1191 1123 1250 venerunt
1152 1180 1196 1246 ad

87 1313 206 1366 terram
234 1298 419 1366 interiorum
450 1295 629 1367 Saxonum,
667 1291 724 1376 qui
752 1309 841 1354 nunc
861 1289 1005 1354 Friaoner
1025 1290 1196 1366 dicrrntur.

92 1421 126 1476 et
161 1407 352 1472 bellaverunt
383 1413 499 1468 contra
541 1420 612 1479 eoa;
653 1399 708 1464 aed
741 1398 885 1462 Friaonee
915 1403 1089 1482 mperiorea
1120 1397 1197 1462 lacti

90 1517 209 1582 multoe
239 1535 277 1580 ex
306 1512 364 1578 illia
394 1518 644 1596 prostraverant.
695 1506 818 1574 Caeteri
848 1525 925 1576 vero
964 1503 1197 1570 retrocedentes

88 1631 247 1693 venerant
278 1621 314 1684 in
345 1639 417 1684 eam
448 1628 583 1692 terram.
614 1637 701 1702 quae
732 1635 824 1682 nunc
855 1613 1023 1679 bollandin
1056 1622 1121 1690 eet,
1164 1621 1196 1676 et

88 1738 334 1818 occupaverunt
354 1749 447 1804 eam,
480 1726 619 1810 dictique
640 1733 711 1790 eunt
731 1723 896 1788 Slaronea.
940 1721 1198 1787 Aedifioaverunt

90 1843 207 1909 deinde
229 1841 315 1906 eirca
336 1837 456 1902 lionam
476 1835 607 1900 flurium
627 1843 765 1900 castrum
785 1830 1003 1906 fortissimum,
1036 1830 1129 1914 quod
1159 1849 1198 1896 ex

90 1953 226 2019 nomine
246 1968 304 2012 auo
326 1941 565 2018 Slarenburch‚
598 1941 690 2026 quani
711 1949 848 2006 castrum
869 1938 1034 2002 Slavorum
1057 1935 1199 2022 appella·

93 2073 217 2129 rerunt.
261 2056 324 2139 Qui
347 2065 451 2119 autam
482 2051 564 2114 ultra
595 2051 715 2116 lionam
745 2047 984 2120 habitaverunt,
1019 2044 1073 2110 ubi
1105 2064 1199 2110 nunc

92 2180 138 2236 eet
170 2167 369 2234 Dordracum
400 2172 431 2228 et
463 2159 646 2235 Gorclrum,
682 2156 771 2222 Wilti
801 2153 1002 2218 dicebantur.
1053 2151 1199 2216 Transito

90 2277 206 2344 deinde
238 2275 325 2338 linea
354 2270 487 2335 flumina
526 2271 765 2348 occupaverunt
797 2261 892 2326 etiam
925 2257 1130 2332 zelandiam,
1166 2251 1217 2322 et'

90 2387 170 2473 quia
203 2383 238 2446 in
267 2380 348 2444 mari
370 2378 487 2444 victum
508 2371 724 2458 quaerebant,
749 2368 825 2433 dicti
845 2375 921 2430 aunt
942 2363 1085 2430 zelandi.
1129 2361 1199 2426 Sla-

90 2513 206 2562 rornm
240 2498 345 2554 nutem
378 2496 460 2554 terra
493 2482 580 2548 dicta
610 2489 656 2544 eat
696 2486 806 2562 postea
839 2473 1008 2540 Hollandio
1040 2493 1059 2536 a
1092 2471 1199 2536 multi·

95 2603 208 2671 tudine
238 2599 419 2684 lignorum,
451 2593 496 2657 aio
528 2590 613 2654 dicta
645 2607 703 2672 per
732 2585 899 2669 sincopam
929 2582 1021 2668 quari
1044 2580 1198 2644 Hoitiant.

1 2783 2 2802 ἶ
93 2713 174 2777 Erat
204 2709 290 2772 enim
318 2704 394 2768 silva
424 2697 632 2785 praegrandia
663 2693 790 2759 attosa
813 2691 942 2757 flumine
962 2698 993 2753 et
1015 2687 1056 2752 ab
1076 2687 1201 2754 habita·

94 2821 183 2886 tione
203 2818 371 2883 slavorum
392 2830 492 2894 usque
513 2805 555 2870 ad
577 2802 725 2876 Frisiam,
759 2818 844 2884 quae
874 2797 928 2860 illo
950 2806 1090 2878 tempore
1111 2794 1202 2856 inec·

1 2969 2 2972 =
94 2929 146 3014 pit
179 2927 263 2988 ciana
291 2919 482 3005 Frongheeat
514 2913 557 2979 ab
586 2907 779 2976 occidentali
810 2914 917 2991 parte,
952 2904 1047 2988 plena
1078 2899 1201 2963 feriret

95 3034 204 3100 bestiis
231 3031 399 3096 indomitis.
444 3027 481 3092 ili
513 3032 619 3088 antem
648 3018 731 3084 Slavi
761 3013 961 3102 quandoque
979 3015 1202 3096 pugnaverunt

96 3153 219 3210 contra
259 3141 418 3212 Frisonea,
461 3131 662 3220 quandoque
699 3145 775 3194 vero
812 3122 950 3189 invicem
982 3116 1203 3186 confoederati

101 3252 179 3320 alias
198 3247 392 3314 infestabant
413 3243 568 3308 nationes.
613 3237 697 3302 llaec
718 3233 879 3298 Chronica
899 3225 1099 3292 Hollandiae.

141 3361 188 3424 lle
217 3357 324 3443 primia
353 3351 527 3420 cultoribus
556 3358 658 3413 terrae
690 3341 811 3408 Gelriae
840 3338 915 3404 nihil
936 3334 1110 3421 specialiter
1131 3330 1202 3418 legi.

1 3557 2 3564 ἵ
98 3470 255 3552 Tempore
284 3464 371 3530 enim
403 3459 473 3526 Iulii
500 3455 640 3522 Caesaris
671 3449 773 3514 omnia
792 3448 845 3513 illa
866 3456 970 3520 terra,
1005 3457 1203 3527 quaenunt:

98 3578 204 3644 Galria
236 3585 268 3638 et
301 3572 412 3646 Clinia,
446 3566 502 3632 sed
522 3575 554 3630 et
575 3580 650 3647 para
670 3555 801 3620 diocesia
822 3549 1093 3624 monasteriensis,
1118 3546 1204 3608 diota

103 3697 149 3752 eat
178 3681 373 3758 Sicambria‚
407 3688 438 3742 et
468 3673 595 3738 incolae
624 3668 689 3731 eiua
710 3659 875 3729 Sicambri.
921 3658 1038 3724 Verum
1059 3654 1111 3718 illa
1132 3673 1207 3738 para

103 3794 244 3867 Gabino,
276 3811 360 3877 quae
394 3806 482 3850 nnnc
512 3783 613 3846 Batua
647 3774 779 3849 dicitur,
809 3781 840 3834 et
860 3788 935 3853 para
955 3763 1142 3830 ilollandiae
1164 3761 1208 3828 illi

97 3905 266 3992 proxima,
289 3897 432 3965 videlicet
454 3889 689 3963 luit-llossant,
714 3883 800 3949 dicta
821 3889 867 3946 est
888 3877 1038 3949 Batanaia,
1061 3882 1094 3936 et
1113 3868 1208 3933 inha-

98 4014 252 4080 bitatores
269 4008 335 4074 eiua
355 4003 478 4070 Batavi.
510 3995 682 4080 Quomodo
703 3971 809 4056 autam
831 3988 909 4052 baec
924 3995 1007 4048 terra
1019 3977 1206 4042 nuncdicta

100 4123 137 4188 ait
159 4119 285 4194 (icitia,
306 4115 366 4202 legi
387 4113 545 4178 rationem
565 4107 601 4172 in
621 4100 764 4189 quadam
785 4095 937 4162 chronica
958 4090 1019 4154 aie:
1053 4086 1208 4179 Tempore

102 4227 207 4296 Caroli
236 4224 324 4294 (latai
355 4216 574 4306 imperatoria,
608 4229 697 4280 anno
717 4204 859 4280 videlicet
880 4197 1004 4268 Domini
1025 4193 1208 4268 aiiiclaxriii¹
