2950 5144
531 501 782 600 eunonrcon
1167 511 1207 578 u

139 664 342 730 uus-oio
359 669 518 724 ssacius
537 669 812 731 willibrordus
829 674 977 734 lonae
995 691 1021 733 s
1037 676 1174 750 §eruis

178 772 284 829 papa
300 758 363 816 esi
380 759 698 833 archiepiscopus
715 764 918 826 Μιση-
935 769 1138 832 sisinius

204 852 249 910 ei
268 851 487 914 musetum
504 867 576 926 pro
594 869 637 913 se
655 858 698 913 et
714 859 795 915 suis
813 861 1103 923 succentoribus

314 959 338 1000 e
354 947 519 1017 riman
538 950 580 1004 ei
598 947 736 1006 (lai-oio
753 953 991 1023 inpetravit.

560 1136 647 1202 cii.
671 1137 740 1203 vti.

140 1325 278 1390 Sanctus
319 1345 393 1390 vero
432 1324 655 1390 willibrordus
692 1327 805 1392 eodem
838 1349 947 1406 anno,
992 1353 1059 1418 quo
1088 1355 1203 1419 aspra,

101 1434 272 1519 Pippinum
302 1434 478 1519 principem
509 1435 553 1499 de
586 1435 741 1500 Harstallo
774 1437 870 1512 adiit.
906 1448 938 1502 et
970 1459 1077 1506 seorim
1110 1441 1205 1528 longe

99 1533 245 1627 tempore
271 1542 494 1628 perman(sitl‚
529 1543 677 1608 detentus
706 1542 749 1608 ab
778 1544 891 1610 eodem
923 1547 1085 1633 Pippio03
1121 1547 1203 1634 (qui)

92 1650 229 1715 taudem
266 1650 366 1734 ipsum
407 1652 551 1736 sequenti
583 1672 672 1716 anuo
702 1651 841 1718 Romam
873 1655 954 1718 misit
987 1655 1031 1721 ad
1063 1656 1206 1744 Sergium

94 1779 238 1843 papam,
269 1758 453 1843 postulans,
486 1768 521 1822 ut
555 1758 597 1823 ab
616 1780 656 1823 eo
677 1759 842 1845 episcopua
861 1771 1100 1828 consecraretur
1120 1765 1206 1850 genti

94 1866 279 1930 Drisonum.
322 1867 418 1948 Quod
448 1869 512 1940 ita.
546 1879 581 1932 ut
612 1868 765 1952 petierat.
799 1879 844 1932 est
874 1871 1081 1956 completum.
1123 1869 1206 1935 Nam

96 1974 268 2039 ordinatus
296 1974 355 2038 luit
375 1984 503 2040 sanctus
525 1973 746 2040 Willibrurdus
764 1975 931 2061 episcopus
950 1975 1113 2042 Frisnnum
1134 1975 1204 2043 Ro·

94 2105 170 2149 mae
191 2084 227 2146 in
249 2082 380 2148 ecclesia
401 2091 533 2148 sanctae
554 2081 681 2146 Ciciliac
701 2082 827 2166 virginis
846 2091 877 2145 et
898 2085 1060 2168 martyris.
1096 2085 1130 2148 iu
1152 2083 1205 2150 die

95 2191 214 2258 natalis
255 2191 393 2256 eiusdem
437 2189 560 2276 virginis
600 2208 688 2252 anno
728 2186 771 2251 ab
813 2188 1037 2254 incarnatione
1076 2190 1204 2256 Domini

93 2300 227 2385 vexavi.
269 2299 384 2386 Itaque
413 2307 543 2363 sanctus
576 2295 798 2361 willibrordus
829 2297 946 2382 adepta
978 2299 1041 2364 iim
1074 2306 1205 2382 aposto·

1 2473 2 2482 ,
94 2409 178 2474 ticae
198 2407 428 2473 benedictionis
448 2406 652 2486 atrctodtate.
664 2413 930 2492 consecratusque
951 2403 1205 2492 archiepiscopus

96 2537 118 2580 a
139 2523 256 2580 sancto
284 2514 393 2600 Sergio
423 2534 529 2600 papa.
565 2512 719 2577 rediitad
740 2512 942 2578 Germaniam
963 2533 1055 2579 auno
1076 2514 1203 2580 Domini

1 2630 2 2668 ἒ
97 2622 237 2706 vifxcvii.
296 2620 354 2686 Cui
387 2641 559 2686 occurrens
590 2628 721 2684 sanctus
752 2618 948 2686 Swidbertus
977 2641 1051 2686 cum
1083 2621 1204 2688 clericis

96 2740 129 2794 ct
150 2728 310 2815 discipulis
330 2737 361 2794 et
382 2727 486 2792 multis
506 2726 705 2801 Christianis,
740 2746 841 2810 usque
861 2725 1061 2803 Embricam‚
1086 2730 1204 2814 recepit

1 2823 2 2844 ³
94 2857 172 2902 eum
201 2858 275 2902 cum
302 2856 423 2924 magna
443 2833 705 2911 honorificentia,
736 2843 767 2898 et
787 2833 881 2920 gavisi
902 2831 1032 2896 suntin
1053 2834 1201 2900 Domino.

1 2952 2 2984 ³
99 2944 308 3031 Audiensque
337 2953 483 3010 sanctum
517 2941 730 3011 Swidbertum
762 2942 946 3027 episcopum
978 2950 1201 3008 consecratum

1 3046 2 3049 '
97 3063 132 3118 et
153 3055 339 3119 comitatum
360 3051 616 3118 Teistcrbandiae
636 3070 710 3116 cum
732 3060 800 3115 tola
821 3051 886 3116 iere
906 3051 1009 3116 Batua
1031 3071 1071 3118 ac
1086 3069 1203 3138 magua

99 3171 193 3246 parte
222 3161 335 3226 Frisiae
369 3161 523 3226 inferioris
554 3161 649 3244 ipsius
668 3157 1138 3243 praedestinationorum,
1171 3166 1203 3223 et

98 3269 265 3336 ecclesiam
294 3270 522 3334 Traiectensem
554 3286 689 3331 uumcro
718 3265 860 3331 fidelium
891 3265 984 3332 valde
1014 3267 1203 3352 multiplica·
1299 3315 1305 3330 .

97 3388 183 3454 tam,
216 3379 380 3444 immensas
411 3378 476 3441 Deo
505 3375 609 3441 retulit
630 3374 756 3461 gratias.
798 3374 921 3439 Deinde
940 3375 1058 3459 pariter
1078 3376 1202 3440 Traiec-

96 3495 165 3550 tum
197 3496 381 3570 pergentes,
413 3484 516 3550 statim
548 3485 583 3547 ia
614 3482 719 3546 lundc
748 3481 896 3547 basilicae
928 3483 1033 3547 sancti
1063 3481 1202 3546 Thomae

97 3593 235 3678 aposloli
259 3612 362 3678 prope
381 3601 520 3658 castrum
542 3591 741 3654 Traiecteuse
759 3589 993 3653 canonicorum
1011 3587 1203 3653 coenobita·

100 3701 177 3764 lium
217 3711 463 3767 construxerunt
502 3698 665 3765 ecclesiam
695 3697 728 3762 in
758 3695 910 3763 honorem
939 3702 1042 3763 sancti
1074 3696 1202 3764 Martini

1 3817 2 3821 ’
98 3809 290 3874 Turonensis
320 3808 472 3893 episcopi.
515 3807 555 3871 Iu
587 3827 652 3893 qua
683 3815 813 3872 sanctus
835 3806 1054 3872 willibrordus
1082 3807 1202 3873 archie-

95 3917 247 4003 piscopus
271 3917 436 3981 Frisonum
457 3914 670 3980 cathedralem
690 3915 747 3980 sibi
769 3914 933 3981 ecclesiam
954 3914 1084 3980 stabiliri
1104 3914 1200 3980 iussit.

95 4026 203 4108 Quam
224 4026 325 4091 sancti
347 4023 568 4090 Willibrordus
598 4032 629 4087 et
659 4023 855 4091 Swidbertus
874 4024 1012 4108 episcopi
1033 4043 1108 4087 cum
1127 4041 1203 4088 cne-

94 4135 170 4199 leris
200 4135 349 4199 iratribus
381 4134 516 4218 propriis
547 4130 695 4196 manibus
724 4131 945 4197 benedicendo
965 4143 1202 4201 cousecramnt.

95 4244 137 4308 Et
168 4245 392 4312 licetsanctus
417 4241 612 4313 Swidbertus
632 4239 832 4326 praecesserit
853 4249 999 4307 sanctum
1023 4243 1203 4309 Willibror·
