2916 5150
281 468 343 538 194
727 463 949 530 Woltr’nnt

280 637 456 713 venimus,
489 642 521 700 et
552 644 650 698 turres
679 632 857 717 domosque
877 640 1047 717 pareutum
1067 629 1110 694 eb
1130 629 1288 722 Ostergois
1309 635 1385 702 Vet.

280 744 402 830 caperis
422 750 560 810 vastatas
579 750 611 804 et
632 739 771 805 deiectas
791 739 954 816 vidissent,
968 739 1147 805 vehementi
1168 739 1388 826 indignatione

282 851 429 927 accensi,
452 850 601 914 iurarunt
621 867 653 912 sc
674 858 729 911 eut
751 847 921 912 morituros
942 858 998 912 aut
1017 847 1143 912 facinus
1162 846 1195 910 id
1215 849 1251 912 in
1271 851 1387 915 autho·

278 980 328 1024 res
358 961 480 1024 ulturos
511 979 584 1024 esse.
628 957 724 1038 Quod
756 955 879 1040 egregie
912 955 1059 1020 lecerunt
1089 953 1247 1041 Ostergois
1277 957 1387 1022 misere

279 1065 413 1132 afflictis.
433 1132 435 1136 ,
455 1066 614 1153 Opposuit
634 1087 667 1130 se
688 1065 735 1129 his
755 1063 829 1129 0do
850 1063 970 1128 Botnia
991 1083 1065 1128 curn
1085 1063 1166 1127 suis:
1190 1084 1253 1130 nec
1273 1076 1383 1130 tamen
1446 1115 1450 1124 .

278 1173 384 1240 lacere
404 1175 530 1260 potuit,
555 1175 631 1260 quin
652 1174 694 1237 illi
716 1173 851 1238 maxima
872 1171 994 1257 praeda
1014 1181 1106 1256 parta
1128 1171 1171 1236 ad
1191 1193 1265 1238 suos
1284 1173 1407 1238 rediet

278 1282 345 1346 rint
378 1282 414 1347 ia
435 1283 664 1369 Westergoam.
707 1282 746 1346 ld
767 1303 841 1348 vero
862 1281 1009 1346 dolentes
1028 1279 1170 1367 Ostergai
1192 1281 1384 1366 Vetcoperi,

279 1391 420 1457 collectis
449 1411 578 1456 suorum
608 1390 728 1474 copiis,
762 1391 797 1454 in
828 1389 1023 1475 Schiringios
1044 1390 1244 1475 Westergoos
1263 1409 1386 1453 rursum

279 1498 438 1565 duxerunt
468 1500 551 1565 duce
581 1497 697 1563 Odone
729 1497 854 1564 Botnia.
907 1497 971 1562 Sed
993 1511 1012 1562 a
1034 1498 1222 1583 Westergois
1243 1496 1387 1562 adfines

276 1608 463 1693 provinciae
483 1606 525 1672 ab
545 1605 661 1672 insidiis
679 1605 913 1691 prosilientibus
933 1605 1078 1690 excepti,
1115 1604 1264 1692 ambiguo
1285 1616 1385 1670 marte

278 1715 335 1780 diu
354 1714 657 1794 contenderuu13in
679 1736 746 1799 qua
767 1735 874 1801 pugna
895 1713 969 1778 Odo
990 1733 1064 1777 cum
1085 1712 1210 1779 Galeas
1231 1716 1384 1780 acerrimo

278 1821 453 1887 certamine
483 1840 689 1905 congressus,
721 1843 862 1906 eousque
895 1820 1076 1895 dimicavit,
1111 1822 1220 1906 quoad
1251 1830 1383 1906 uterque

277 1928 458 1994 vulneribus
477 1928 582 1990 multis
600 1929 696 1991 lessus
716 1927 926 2003 concideret,
949 1937 1047 2013 atque
1067 1948 1105 1992 ex
1127 1928 1194 1992 acie
1214 1928 1384 1992 efferretur.

272 2037 356 2100 »Tum
386 2055 503 2102 cessere
534 2035 721 2121 Vetcoperi,
757 2035 1005 2120 cecideruntque
1049 2035 1207 2119 utrimque
1238 2036 1381 2119 plurimi,

277 2165 357 2210 num
388 2145 512 2230 mugnis
532 2145 632 2225 copiis
652 2154 697 2209 est
718 2153 884 2209 certatum.
929 2144 1032 2207 Locus
1051 2164 1181 2228 pugnae
1202 2144 1386 2208 commissae

240 2267 243 2272 ·
277 2254 362 2317 inter
392 2252 582 2321 ldarsumum
603 2261 635 2317 et
656 2251 856 2337 Droarypam
876 2249 952 2328 luit,
978 2250 1029 2314 die
1048 2251 1120 2314 xviii
1142 2253 1271 2336 Augusti
1293 2272 1385 2316 auno

277 2381 465 2427 mcccncvu.

319 2467 507 2534 vulneretur
538 2454 633 2528 etiam
665 2463 800 2548 graviter
820 2465 922 2528 luerat
943 2465 979 2529 iu
999 2464 1160 2549 principio
1180 2467 1293 2550 proelii
1317 2467 1385 2532 Six-

278 2584 327 2642 tus
347 2571 508 2648 llelrema,
538 2578 575 2636 ut
594 2571 682 2637 sooio
704 2571 821 2636 Galoni
840 2592 935 2657 opem
955 2571 1037 2637 ierne
1057 2593 1125 2637 non
1145 2587 1262 2658 posset.
1307 2576 1387 2641 Gelo

277 2690 310 2746 et
338 2680 412 2745 Odo
443 2678 640 2746 medicorum
670 2700 748 2744 cura
779 2680 1002 2746 erulneribus
1023 2681 1267 2748 convaluerunt.
1312 2685 1388 2748 Post

246 2859 248 2866 ,
276 2787 358 2856 haee
377 2809 436 2874 per
454 2807 636 2855 communes
657 2787 778 2854 amicas
797 2787 839 2854 de
859 2788 1087 2874 compositione
1108 2789 1168 2854 litis
1186 2789 1266 2854 inter
1280 2803 1389 2874 partes

272 2907 387 2964 netum
406 2917 518 2980 saepe,
554 2895 750 2981 tandemque
772 2905 969 2966 transactum
990 2897 1166 2962 accedente
1186 2918 1284 2983 opera
1307 2901 1388 2966 ciri·

277 3016 391 3073 tatum.
441 3005 508 3069 Pax
550 3005 643 3069 lirmu
672 3005 763 3070 inita.
812 3005 935 3070 lateres
967 3005 1063 3070 etiam
1096 3006 1313 3070 consultatum
1348 3007 1390 3072 de

277 3111 499 3198 recuperanda
519 3111 663 3178 libertate
683 3133 813 3178 excusso
833 3112 965 3198 imperio
987 3112 1198 3191 llollandico,
1218 3115 1309 3200 quod
1331 3115 1390 3180 illis

277 3221 440 3286 insolitum
471 3229 504 3284 et
534 3219 732 3286 intolerabile
763 3241 829 3285 esse
848 3218 1025 3287 ridebatur.
1068 3220 1147 3286 'lum
1176 3223 1332 3288 iactatum
1352 3225 1387 3287 in
1456 3265 1457 3270 κ

278 3327 444 3412 colloquiis
470 3325 548 3390 illud
569 3326 639 3390 Ea‘n
658 3329 870 3414 qedwungen
890 3328 974 3394 Eide
994 3333 1024 3392 a'a
1049 3327 1114 3393 Get
1133 3329 1225 3395 Ieidt.
1270 3331 1387 3396 Decre-
1455 3341 1457 3374 ⁴

277 3444 411 3520 tumque
449 3434 568 3500 lactum
607 3455 668 3520 pro
712 3435 904 3502 affirmanda
937 3435 1092 3502 libertate.
1144 3438 1261 3522 ltaque
1292 3458 1386 3502 enno
1456 3455 1457 3532 l

1455 3391 1457 3454 l

275 3542 424 3625 proximo
443 3543 629 3608 mcccxcriii
649 3545 774 3610 collecti
794 3564 912 3631 magno
933 3565 1085 3621 numero,
1107 3545 1232 3610 Stauris
1254 3545 1386 3631 aliisque
1455 3565 1457 3593 t

277 3649 357 3715 locis
377 3649 553 3716 llollandas
573 3650 740 3715 eiecerunt.
785 3651 838 3716 Sic
858 3651 997 3715 irritatas
1016 3650 1160 3715 Albertus
1180 3650 1387 3716 Wilhelmum
1455 3697 1456 3730 ,

277 3757 379 3821 filium
408 3778 499 3820 suum
520 3777 595 3822 cum
615 3759 850 3843 Egmondauo,
885 3758 1098 3836 Brederodio,
1131 3768 1163 3824 et
1183 3759 1384 3834 Arekelesio,

279 3863 436 3934 adiuncto
455 3864 514 3928 illis
533 3866 671 3930 maximo
692 3866 851 3941 exercitu,
875 3867 910 3930 in
932 3866 1057 3929 Frisium
1078 3869 1190 3930 iterum
1211 3867 1303 3932 misit.
1336 3867 1386 3931 Illi

277 3972 313 4037 in
346 3973 589 4039 Lemmeranum
619 3994 730 4058 agrum
763 3974 861 4039 classe
882 3973 1025 4058 appulsi,
1049 3983 1146 4059 atque
1166 3973 1202 4038 iu
1223 3974 1307 4037 littus
1327 3973 1386 4038 de·

264 4081 486 4158 secedentes,
509 4103 567 4168 per
586 4082 788 4167 provinciam
809 4083 999 4148 Geestanam
1011 4081 1384 4164 Hindelopenveaerunt.

279 4185 385 4268 Quam
405 4211 481 4257 cum
501 4190 703 4271 transiissent,
728 4200 930 4258 accurrentes
948 4189 1059 4255 Frisios
1078 4187 1270 4270 habuerunt3
1292 4208 1386 4253 eom·
