2916 5150
299 491 358 558 160
741 489 961 555 Woarnltl

295 662 340 725 sic
361 661 483 744 aliquot
503 658 613 723 diebus
634 659 668 721 in
690 659 751 720 suis
771 658 902 743 negotiis
923 666 1047 741 ageret,
1078 677 1154 722 ecce
1186 653 1288 718 subito
1310 650 1401 718 venit

297 768 427 832 nuntius
458 766 499 830 de
529 767 654 833 civitate
684 766 874 830 Traiectensi
897 765 1112 840 annuntians,
1136 764 1303 828 dominum
1326 762 1403 825 wi-

294 873 456 940 brandum
488 873 626 938 eiusdem
648 873 779 938 civitatis
799 873 981 956 episcopum
1002 873 1085 938 viam
1107 872 1271 936 universae
1291 870 1404 934 carnis

295 983 475 1069 ingressum.
518 982 557 1046 Et
586 981 661 1066 quia
691 979 873 1064 praedictus
894 1000 999 1044 comes
1019 981 1145 1044 lretrem
1168 979 1305 1044 habebat
1327 999 1404 1042 car·

297 1091 424 1167 nalem,
458 1091 522 1155 iam
543 1089 757 1175 praepositum
777 1089 814 1151 in
834 1108 975 1163 armano,
1012 1097 1115 1153 aetate
1136 1088 1209 1153 licet
1230 1089 1401 1162 iuvenem,

297 1198 486 1284 quantocius
506 1196 567 1263 hac
586 1198 673 1262 fama
695 1196 804 1260 audita
824 1197 938 1262 relictis
958 1195 1160 1272 tractatibus,
1181 1218 1263 1282 quos
1283 1195 1405 1260 habere

299 1317 448 1391 coeperat
468 1307 503 1387 in
526 1305 639 1382 Frisia,
675 1306 717 1370 ad
739 1307 803 1370 iam
823 1305 943 1371 dictam
964 1306 1123 1372 civitatem
1143 1305 1188 1368 ire
1208 1303 1400 1379 festinabat,

299 1425 455 1501 quatemu
493 1415 558 1479 eius
577 1455 580 1462 ·
599 1415 733 1479 consilio
764 1425 794 1478 et
825 1413 962 1478 inductu
990 1414 1087 1478 frater
1119 1413 1162 1477 ad
1191 1413 1405 1498 episcopalem

299 1522 484 1610 dignitatem
515 1523 695 1609 promoveri
716 1532 830 1608 posset.
861 1523 958 1604 Quod
979 1531 1010 1586 et
1030 1522 1074 1585 ite
1095 1522 1215 1585 sactum
1237 1530 1292 1586 est.
1336 1521 1406 1586 Nec

299 1632 452 1716 deinceps
471 1651 613 1716 unwam
636 1650 742 1696 comcs
760 1631 817 1695 istc
838 1640 942 1715 partes
963 1630 1077 1693 Frisiae
1096 1629 1216 1694 intrare
1237 1629 1404 1714 apposuit,

299 1741 408 1824 sicque
428 1739 549 1822 gladius
569 1740 754 1822 sanguinem
774 1740 855 1802 l'orte
875 1740 986 1813 sitiens,
1011 1760 1051 1803 ec
1072 1738 1205 1803 libertati
1224 1739 1403 1815 Frisonum,

300 1849 455 1914 hactenus
487 1867 506 1910 a
536 1844 728 1931 temporibus
759 1846 863 1910 Caroli
885 1847 1107 1912 Romanorum
1129 1848 1322 1932 imperatoris
1342 1847 1408 1910 ba·

301 1957 407 2031 bitae,
437 1956 507 2039 plus
526 1956 609 2018 iusto
628 1954 792 2029 invidens,
821 1954 877 2038 qui
897 1955 960 2019 iarn
981 1957 1071 2040 quasi
1092 1967 1252 2041 exemptus
1272 1955 1408 2021 videba-

303 2075 373 2142 tur,
407 2063 438 2124 in
470 2057 586 2147 ragina
618 2071 699 2124 nutu
729 2060 837 2124 divino
869 2063 1051 2146 permansit.
1092 2064 1277 2128 Huiusmodi
1299 2075 1406 2130 autern

302 2172 457 2238 electione
477 2169 725 2236 confirmatione
745 2178 776 2232 et
797 2167 954 2234 celebrata
977 2190 1068 2234 anno
1090 2172 1215 2235 Domini
1237 2175 1406 2238 mccxxxiii

303 2281 499 2352 Trentoncs,
534 2277 590 2361 qui
621 2277 861 2360 episcoporum,
897 2286 932 2339 ut
962 2297 1056 2361 supra
1078 2278 1261 2344 dictumest
1283 2283 1408 2347 inimici

305 2388 456 2471 capitales
476 2385 661 2455 extiterant,
696 2384 888 2458 recolentes,
912 2405 997 2468 quae
1016 2395 1049 2448 et
1070 2397 1194 2470 quanta
1216 2391 1299 2452 male
1323 2391 1409 2454 duo·

304 2494 363 2559 bus
391 2490 544 2575 episcopis
565 2488 655 2551 huius
675 2489 766 2552 electi
789 2463 1035 2557 anticessoribus
1054 2495 1214 2570 fecerant,
1249 2497 1410 2583 legatione

306 2599 483 2664 transmissa
505 2597 562 2662 sibi
583 2617 771 2681 praecavere
792 2599 973 2682 cupientes,
986 2601 1021 2664 in
1042 2623 1157 2667 manus
1165 2605 1254 2668 electi
1266 2606 1410 2693 episcopi

306 2729 346 2774 ac
376 2707 424 2772 sui
455 2706 559 2770 fratris
588 2706 711 2771 comitis
742 2706 929 2772 llollandiae
959 2713 1123 2776 memorati
1155 2733 1188 2776 se
1207 2734 1329 2799 suaque
1350 2716 1411 2780 de·

306 2818 436 2891 dentes,
467 2833 581 2898 pacem
612 2813 669 2876 sibi
700 2834 739 2876 ac
768 2814 829 2876 suis
849 2815 968 2879 finibus
988 2818 1158 2884 affectuose
1177 2822 1408 2906 postulabant,

305 2924 504 3005 exactionem
536 2921 740 3004 pecuniarum
761 2921 817 2984 sibi
838 2922 1068 3006 imponendam
1089 2949 1149 3011 pro
1173 2931 1258 2994 omni
1278 2943 1408 3009 errato,

305 3055 339 3098 se
366 3030 500 3094 fideliter
529 3027 650 3091 statutis
679 3027 870 3111 temporibus
900 3031 1019 3096 solvere
1047 3036 1252 3118 spondentes.
1295 3038 1412 3106 Comes

306 3158 383 3224 crgo
413 3156 486 3200 curn
514 3134 611 3198 fratre
640 3135 761 3212 electo,
791 3137 974 3220 sapientiori
1004 3141 1049 3203 usi
1082 3144 1232 3219 consilio,
1278 3149 1412 3230 plenam

306 3245 492 3315 emendam,
526 3262 620 3326 quae,
640 3242 713 3325 ipsis
744 3243 808 3306 sins
829 3246 919 3308 omni
939 3249 1100 3333 sanguinis
1120 3251 1272 3317 effusiom
1292 3269 1413 3340 sponte

307 3350 519 3425 offerebatur,
552 3348 763 3432 recipiendam
794 3350 1012 3420 decreverunt.
1057 3359 1094 3422 Et
1114 3360 1158 3423 ita
1180 3361 1215 3422 lis
1235 3372 1266 3425 et
1287 3363 1414 3430 discor·

308 3463 383 3538 dia,
416 3460 516 3524 multo
548 3468 690 3541 tempore
722 3459 805 3523 inter
837 3462 1002 3547 episcopos
1022 3476 1052 3528 et
1074 3466 1249 3534 Trentones
1281 3471 1412 3550 habita,

305 3571 408 3655 sopita
429 3577 485 3632 est.
528 3566 596 3630 llac
629 3575 732 3631 tamen
753 3567 941 3634 conditione
962 3576 1126 3656 apposita,
1164 3579 1252 3662 quod
1275 3578 1415 3645 Trento·

308 3699 362 3742 nes
382 3679 417 3740 in
439 3676 532 3749 loco,
567 3694 635 3759 quo
656 3675 823 3759 episcopus
842 3676 919 3742 Otto
940 3678 1044 3744 bonae
1064 3684 1233 3748 memoriae
1255 3707 1329 3750 cum
1352 3690 1416 3754 suis

309 3779 580 3851 commilitonibus
601 3781 722 3846 occisus
744 3783 864 3861 luerat,
889 3788 1081 3853 coenobium
1103 3811 1247 3856 sororum
1269 3794 1415 3862 Cisterci·

310 3893 432 3958 endum
462 3897 681 3953 construerent
703 3901 986 3980 competenterque
1007 3898 1170 3976 dolarent,
1209 3901 1263 3966 ubi
1284 3904 1428 3984 divinae„

310 4001 411 4067 laudis
441 4017 564 4082 organa
594 3997 706 4082 iugiter
737 3999 773 4062 in
806 4005 992 4069 memoriam
1013 4021 1196 4076 resonarent
1218 4013 1414 4082 occisorum.

311 4109 407 4188 Quod
435 4107 629 4173 coenobium
658 4129 724 4172 non
747 4111 846 4174 multo
867 4123 938 4196 post
960 4126 1119 4200 tempore,
1145 4119 1185 4184 dc
1206 4121 1321 4186 eodem
1341 4123 1418 4187 loco

310 4235 349 4279 ex
380 4234 538 4280 consensa
572 4216 698 4282 llenrici
728 4218 889 4304 episcopi,
924 4223 980 4306 qui
1015 4226 1121 4290 tertius
1144 4226 1184 4291 ab
1205 4229 1275 4313 ipso
1295 4229 1417 4295 Ottone
