2950 5144
275 459 278 462 ’
324 479 363 544 ra
758 473 980 543 Woaraar

322 644 358 708 lis
390 645 482 729 igitur
513 645 682 729 praedictis
705 645 862 710 Zelandiis
881 646 970 710 Friso
990 665 1090 709 unum
1111 644 1152 709 de
1172 645 1233 709 suis
1255 645 1416 712 collocarit

320 753 399 817 filiis.
443 753 496 816 llis
524 754 616 836 igitur
646 764 763 839 septem
794 754 951 818 Zelandiis
971 754 1016 818 sic
1037 753 1219 838 occupatis,
1253 754 1320 839 ipse
1339 754 1416 820 Friso

321 881 394 924 eum
426 861 491 926 filia
521 881 578 924 sua
598 860 739 928 Wimeth
759 861 894 947 perrexit
914 863 946 925 in
968 861 1223 946 Wynsera·land
1243 881 1343 946 quam
1362 873 1418 928 ter·

321 987 391 1034 ram
419 969 549 1032 nomine
577 967 662 1033 filiae
682 989 757 1034 suae
777 969 821 1033 sic
842 969 979 1034 vocavit.
1021 968 1067 1034 Ex
1087 968 1154 1053 ipsa
1175 967 1327 1054 Wymeth
1347 991 1417 1055 pro·
1457 1049 1458 1056 ἵ

321 1076 419 1160 geniti
449 1085 523 1138 sunt
552 1075 728 1151 lladelrioi,
762 1075 839 1140 inde
871 1075 1147 1162 lladingerlandt,
1179 1086 1210 1141 et
1244 1077 1417 1155 Ditmarici,

320 1183 399 1248 inde
418 1181 701 1247 Ditmerscbelandt
721 1192 753 1247 et
773 1182 949 1259 Kadeleni,
983 1184 1060 1249 inde
1080 1183 1329 1270 Kedingelandt.
1370 1186 1419 1250 lsti

321 1300 535 1375 propagantes
567 1300 598 1354 et
628 1288 797 1354 dilatantes
817 1292 969 1356 terminos
990 1311 1062 1355 suos
1082 1292 1176 1377 pulsis
1197 1291 1419 1356 habitatoribus

321 1411 422 1464 terrae
464 1407 702 1483 occupaverunt
743 1407 859 1462 terram
895 1420 996 1484 usque
1027 1399 1144 1464 Staden
1176 1411 1207 1464 et
1239 1401 1417 1469 Hannorer.

320 1507 408 1572 llaec
439 1517 485 1569 est
518 1514 599 1570 terra
632 1515 663 1570 et
693 1488 843 1590 possessio
876 1505 1043 1572 Frisonum
1074 1529 1148 1573 cum
1180 1509 1326 1573 terminis
1345 1509 1416 1584 suis,

323 1634 407 1700 quae
426 1635 447 1678 a
467 1613 535 1677 line
555 1611 684 1688 Rheni,
714 1621 749 1674 ut
770 1609 847 1677 dicit
869 1611 1108 1680 Bartholomeus
1129 1616 1164 1678 in
1185 1613 1266 1678 libro
1288 1615 1333 1680 de
1352 1637 1417 1701 pro·

322 1721 504 1808 prietatibus
523 1741 643 1796 rerum,
665 1721 792 1804 incipit,
814 1731 846 1784 et
866 1721 945 1785 mari
965 1720 1087 1786 Danico
1109 1723 1304 1787 terminatur.
1336 1721 1419 1790 Cuim

322 1830 464 1916 singulae
483 1831 556 1895 licet
576 1829 714 1906 insulae,
745 1849 800 1893 seu
821 1828 1012 1908 zelandiae,
1035 1831 1169 1916 propriis
1189 1842 1220 1896 et
1241 1832 1419 1916 specialibus

324 1939 477 2002 discretae
508 1938 571 2002 sint
602 1936 802 2011 nominibus,
837 1937 941 2001 omnis
971 1947 1078 2003 tamen
1099 1949 1131 2002 et
1153 1948 1220 2003 tota
1242 1940 1326 2007 haec
1344 1951 1419 2006 terra

323 2067 391 2112 uno
413 2045 545 2111 nomine
565 2044 660 2110 Frisia
680 2054 893 2128 nuncupatur.
933 2043 1096 2111 Cornelius
1115 2047 1240 2112 Tacitus
1259 2059 1289 2112 et
1315 2049 1419 2116 caeteri

323 2163 438 2219 vetares
470 2150 609 2215 historici
640 2150 769 2215 Frisiam
801 2150 946 2217 bilariam
978 2152 1126 2230 divisere,
1171 2156 1334 2240 duplicem
1364 2179 1419 2222 ese

323 2261 473 2326 dicentes.
527 2260 678 2324 Maiorem
710 2258 855 2323 videlicet
886 2270 917 2324 et
949 2261 1116 2328 minorem.
1167 2263 1323 2329 llinorem
1353 2286 1420 2332 vero

322 2369 420 2434 Danis
441 2375 567 2431 constat
589 2367 766 2450 proximam
787 2387 871 2444 esse,
906 2367 960 2432 sed
992 2367 1047 2433 ubi
1068 2369 1200 2454 incipiat
1223 2383 1278 2435 aut
1298 2373 1420 2440 finiatur

325 2497 395 2541 non
415 2475 506 2540 facile
524 2473 676 2549 dixerim,
699 2484 731 2538 et
752 2472 825 2538 ideo
845 2474 965 2539 iudicio
986 2495 1118 2551 eorum,
1149 2478 1205 2562 qui
1226 2479 1306 2544 illius
1327 2491 1420 2546 terrae

323 2585 475 2648 maiorem
496 2581 613 2646 habent
635 2579 801 2656 notitiam,
825 2582 972 2668 relinquo
994 2583 1223 2652 definiendmn.
1257 2588 1296 2650 ld
1319 2599 1419 2654 tamen

324 2693 480 2758 affirmare
511 2710 580 2755 non
612 2688 742 2767 dubito,
776 2689 856 2776 quin
887 2689 1001 2755 Frisiae
1031 2693 1182 2758 terminos
1212 2697 1260 2760 vel
1291 2700 1420 2788 majores

308 2799 500 2886 'aliquando
532 2798 622 2862 fuisse
654 2798 701 2862 vel
722 2798 881 2874 minores,
915 2821 954 2863 eo
975 2801 1067 2886 qnod
1088 2812 1159 2867 ente
1180 2809 1419 2870 conversionem

322 2903 550 2976 Germanorum
580 2905 624 2968 ad
655 2925 777 2970 sacram
809 2905 919 2971 Christi
950 2907 1049 2972 fidem
1080 2930 1148 2974 non
1179 2913 1281 2976 solum
1300 2911 1418 2989 Frisiis,

321 3014 376 3081 sed
397 3011 541 3077 omnibus
558 3012 623 3077 fere
643 3012 805 3079 Germanis
823 3015 982 3096 peculiare
1003 3027 1089 3095 erat,
1126 3028 1180 3082 aut
1201 3040 1271 3084 suos
1291 3019 1421 3086 dilatare
1458 3015 1459 3018 '

323 3121 470 3208 (expulsis
489 3120 612 3205 vicinis)
636 3122 804 3199 terminos,
837 3132 893 3186 aut
920 3123 1077 3208 prioribus
1097 3127 1212 3192 relictis
1232 3127 1355 3194 sedibus
1375 3131 1422 3196 rel

320 3228 460 3315 praedae
490 3226 677 3304 dulcedine,
712 3230 759 3293 vel
792 3230 886 3294 alieni
917 3234 974 3296 soli
1006 3234 1160 3300 fertilitate
1183 3237 1289 3312 ducti,
1323 3258 1420 3303 novas

321 3358 482 3423 quaerere.
536 3337 575 3402 Et
615 3339 660 3402 sie
706 3340 991 3422 supervenientibus
1038 3341 1219 3407 fortioribus
1258 3346 1424 3429 pauciores

321 3448 382 3511 suis
402 3447 494 3510 facile
513 3443 713 3529 pellebantur
735 3447 825 3532 agris.
858 3447 954 3530 Quod
975 3460 1006 3514 et
1027 3450 1126 3514 Frisiis
1146 3452 1302 3531 evenisse,
1328 3467 1420 3543 atque

319 3557 404 3642 ipsos
435 3555 500 3619 aliis
530 3555 656 3632 leoisse,
688 3574 758 3620 non
791 3575 866 3619 raro
897 3557 983 3641 apud
1016 3569 1133 3626 veteres
1154 3561 1293 3645 legimus.
1343 3566 1419 3628 llam

320 3665 411 3728 refert
443 3662 605 3727 Cornelius
637 3663 777 3738 Tacitus,
801 3685 898 3749 eques
919 3666 1087 3730 Romanus
1109 3677 1205 3754 atque
1225 3671 1342 3737 nobilis
1363 3673 1421 3738 his·

321 3771 456 3845 torious,
489 3771 578 3856 quod
610 3781 751 3854 tempore
771 3771 906 3836 Neronis
926 3773 1064 3838 Caesaris
1085 3775 1169 3840 Frisii
1191 3790 1324 3845 auctore
1346 3782 1420 3848 Ver·

320 3880 381 3945 rito
414 3888 444 3943 et
473 3877 623 3964 Malorige
654 3899 745 3964 agros
778 3899 894 3944 vacuos
925 3892 956 3945 et
979 3903 1078 3948 noros
1098 3885 1294 3955 insederunt.
1340 3893 1421 3956 lam·

320 4008 384 4072 que
423 3986 561 4051 fixerant
599 3986 733 4060 domos,
771 3988 891 4054 semina
921 3991 1003 4056 arvia
1030 3992 1223 4073 intulerant,
1258 4007 1358 4084 atque
1389 4008 1421 4063 ut

319 4094 456 4177 patrium
486 4095 586 4159 solum
617 4093 818 4162 exercebant.
862 4096 950 4163 Tunc
981 4100 1099 4166 Dubius
1118 4104 1227 4168 Avitus
1248 4119 1419 4192 acceptae

319 4199 455 4265 Paulino
486 4203 647 4287 provincia
677 4205 860 4272 minitando
891 4208 952 4275 rim
984 4208 1168 4278 Romanam
1189 4214 1248 4280 nisi
1271 4215 1419 4282 abscede·
