2950 5144
471 461 719 530 cattotttcott.
1106 469 1144 532 lt

27 637 58 692 et
95 626 234 694 includit
266 627 363 693 etiam
396 628 579 715 Opsterlant
608 634 642 696 dr
671 631 958 718 Smellingcrlandt.
1014 633 1051 698 Et
1084 634 1144 700 hae

28 737 136 815 duas,
162 735 308 802 videlicet
329 737 471 804 secunda
491 749 524 803 ct
545 739 635 804 tertia
655 739 860 825 provinciae,
892 760 946 804 ssu
968 740 1016 824 (ut
1038 743 1143 825 patrio

28 865 122 910 more
154 843 288 931 loquar)
324 844 496 911 zelandiae
526 846 669 934 antiquis
689 846 797 914 adhuc
817 847 958 932 gandent
980 849 1144 935 privilegiis

29 975 68 1019 ac
90 949 307 1028 libertatibus,
328 972 391 1018 nec
412 953 551 1040 aliquem
572 955 631 1020 nisi
651 957 753 1022 solum
775 955 960 1022 Romanum
980 955 1144 1024 Caesarem

29 1071 235 1149 cognoscunt
266 1061 445 1127 dominum.
491 1062 707 1130 Veruntamen
743 1067 842 1130 multa
864 1076 895 1131 et
915 1085 998 1150 pene
1018 1066 1144 1132 infinita

31 1191 210 1257 corporum
232 1191 272 1236 ao
304 1191 411 1237 rerum
441 1174 578 1258 perpessi
608 1183 679 1238 nant
710 1173 832 1240 demna
861 1195 922 1260 pro
942 1174 1005 1241 hec
1026 1176 1143 1240 tuenda

30 1280 201 1357 libertate,
244 1279 429 1365 pugnando
458 1290 575 1346 contra
605 1292 728 1348 exteros
757 1283 916 1368 principes
946 1293 977 1348 et
1008 1285 1143 1348 maxime

32 1388 225 1454 llollandiae
244 1385 399 1463 Comites,
421 1390 479 1472 qui
509 1410 611 1474 paene
631 1409 744 1455 omnes
764 1411 839 1454 suno
859 1389 974 1456 ditioni
995 1411 1049 1454 eos
1068 1386 1143 1452 sub·

31 1497 128 1561 licere
148 1495 261 1560 conati
283 1505 370 1562 sunt.
407 1496 530 1579 Quarta
552 1497 703 1564 zelandia
725 1508 771 1564 cst
791 1497 1018 1585 Stellingwerl,
1040 1495 1144 1562 Scho-

31 1604 181 1681 umere,
215 1612 283 1668 tota
315 1603 466 1682 llrentin,
501 1604 702 1681 Geethoorn.
726 1605 875 1684 Gunure,
899 1625 973 1674 cum
994 1601 1143 1670 omnibus

34 1711 255 1780 adiacentibus
300 1712 388 1776 terris
430 1733 532 1798 mque
565 1712 742 1781 Vullenhoo
771 1715 933 1780 inclusive.
985 1713 1024 1780 Et
1054 1711 1143 1778 hanc

34 1821 215 1888 zelandiam
237 1820 385 1906 Episcopi
407 1821 621 1889 Treiectenssr
641 1831 742 1889 totam
763 1822 820 1890 sibi
840 1824 1065 1900 subiecerunt.
1088 1843 1144 1888 ex·

34 1932 129 2015 ceptis
160 1929 380 2014 Stellingwerl
409 1938 440 1993 et
471 1926 687 1998 Schoterwerl
713 1951 788 1996 cunr
819 1931 1020 1997 inferioribus
1039 1930 1142 2004 silvis,

33 2038 89 2125 qui
118 2037 290 2103 multisne
320 2036 468 2123 gravibus
501 2036 665 2103 fortissime
696 2039 871 2104 resistentes
890 2039 1143 2124 impugnationi·

36 2145 92 2211 bus
140 2145 378 2230 Episcoporum
419 2144 667 2211 Traiectensium
712 2143 820 2211 adhuc
862 2165 937 2212 cum
976 2145 1144 2226 praedictis

34 2255 158 2320 duabus
182 2252 340 2318 zelandiis
361 2262 538 2318 remanent.
562 2252 684 2334 Quinta
696 2251 847 2320 zelandia
868 2263 913 2318 est
935 2252 1037 2317 omnis
1058 2261 1143 2317 terra

33 2365 114 2427 intra
160 2361 314 2427 Larisam
356 2369 388 2423 et
418 2357 559 2424 Amasim
589 2358 702 2428 fluvios
731 2361 875 2437 inclusa.
909 2371 940 2426 et
969 2381 1069 2447 mque
1099 2359 1143 2424 ad

32 2471 196 2537 llrentiam
229 2478 328 2554 atque
357 2465 587 2553 Wcstphaliam
618 2489 652 2532 se
680 2467 868 2534 extendens.
910 2468 949 2534 Et
970 2468 1050 2535 haec
1070 2469 1143 2556 qui·

33 2582 105 2645 dem
135 2578 292 2645 Zelandia
313 2577 392 2642 nulli
414 2587 543 2642 externo
563 2587 653 2661 peret
674 2576 828 2652 domino,
859 2575 915 2642 sed
936 2587 1044 2642 tamen
1065 2576 1144 2643 civi·

32 2690 88 2754 tati
120 2687 335 2774 Groningensi
367 2685 509 2752 subiecto
540 2693 606 2761 cst,
640 2704 726 2770 quse
755 2685 792 2746 in
822 2684 929 2748 medio
958 2682 1023 2748 fora
1043 2693 1143 2748 terrae

32 2799 104 2875 sita,
127 2817 265 2863 omnem
285 2796 372 2860 illam
393 2792 580 2859 zelandiam
599 2788 797 2856 tributariam
817 2790 891 2855 lecit
912 2799 1045 2874 excepto
1066 2789 1144 2854 Rei·

32 2908 183 2982 dcdant,
206 2925 288 2993 quae
311 2903 422 2970 comiti
441 2911 533 2988 paret
553 2899 720 2967 Emedensi
741 2909 773 2964 ct
794 2895 1018 2966 Westerwold.
1048 2896 1144 2962 Sexta

32 3016 185 3084 zelandia
216 3025 261 3081 est
294 3014 338 3079 nd
371 3012 522 3078 orientem
552 3009 674 3075 Amasis
701 3007 808 3083 ilarii,
851 3005 969 3072 scilicet
999 3005 1142 3083 heda,

30 3127 172 3200 Auriclr,
206 3124 338 3190 Norden
365 3142 440 3189 oum
469 3120 530 3185 suis
559 3117 730 3183 attinentiis
760 3116 825 3180 lere
854 3135 955 3202 utque
975 3114 1143 3200 Visurgum

30 3234 174 3300 fluvium.
226 3233 267 3298 Et
304 3229 393 3298 banc
424 3227 649 3294 nobilissimam
681 3233 712 3289 et
745 3223 925 3289 ditissimam
955 3222 1143 3288 zelandiam

31 3341 141 3409 locko
175 3341 271 3408 Wkis
301 3349 333 3405 et
365 3339 413 3403 sui
445 3355 636 3403 successores
666 3332 724 3398 sibi
757 3333 910 3418 paulatim
932 3331 1143 3399 subiecerunt.

33 3451 178 3533 Quorum
210 3450 331 3536 primus
362 3446 421 3512 luit
441 3445 584 3511 Joncker
604 3441 751 3516 ericlr,
773 3443 831 3527 qui
849 3441 953 3508 factus
972 3453 1018 3506 est
1037 3461 1144 3506 comes

33 3558 242 3626 alirederico
274 3559 370 3624 tertio
391 3575 476 3622 anno
498 3551 617 3619 domini
638 3549 822 3616 mcccclxiv.
864 3549 902 3614 Et
925 3557 1057 3616 vocatur
1079 3548 1144 3615 Co·

32 3689 98 3732 mes
125 3667 294 3735 orientalis
322 3665 446 3731 Frisios.
490 3657 805 3748 Septimazclandia
825 3667 872 3723 est
893 3657 1048 3742 Rosterga
1068 3677 1144 3723 cnm

32 3777 185 3842 omnibus
213 3776 276 3842 suis
307 3773 461 3841 confiniis
493 3792 593 3857 usque
627 3768 830 3843 himerium,
862 3789 947 3855 quae
979 3776 1025 3832 est
1057 3768 1142 3834 ultra

32 3885 208 3954 Weseram.
251 3885 291 3952 llt
324 3884 404 3948 hacc
435 3879 583 3946 zelandia
603 3879 708 3944 multis
728 3886 819 3963 paret
841 3875 980 3944 dominis
1000 3886 1030 3941 et
1050 3877 1143 3961 prin·

32 3993 189 4080 cipibus„
209 3993 268 4081 qui
300 3991 414 4078 singuli
441 3979 505 4054 ‘sibi
536 3996 659 4073 partem
692 3987 890 4052 subiecerunt
921 3992 1052 4068 excepta
1074 3983 1141 4048 Dit-

32 4105 147 4183 maria.
182 4124 271 4190 quae
300 4103 369 4167 sola
398 4099 504 4166 adhuc
535 4097 633 4161 libera
662 4106 778 4160 manet.
823 4094 936 4157 Multas
967 4104 1075 4157 tamen
1109 4104 1140 4159 et

32 4233 139 4297 graves
171 4212 321 4282 tolerarit
342 4208 598 4304 impugnationes
619 4226 639 4271 a
660 4225 734 4290 rege
754 4205 928 4274 Danorum.
970 4203 1011 4271 ln
1032 4204 1141 4290 singu.
