<?xml version="1.0" encoding="UTF-8"?>
<!DOCTYPE html PUBLIC "-//W3C//DTD XHTML 1.0 Transitional//EN"
    "http://www.w3.org/TR/xhtml1/DTD/xhtml1-transitional.dtd">
<html xmlns="http://www.w3.org/1999/xhtml" xml:lang="en" lang="en">
 <head>
  <title>
</title>
<meta http-equiv="Content-Type" content="text/html;charset=utf-8" />
  <meta name='ocr-system' content='tesseract 3.04.00' />
  <meta name='ocr-capabilities' content='ocr_page ocr_carea ocr_par ocr_line ocrx_word'/>
</head>
<body>
  <div class='ocr_page' id='page_1' title='image "./worperityaerdae00worpgoog_0032.png"; bbox 0 0 2950 5144; ppageno 0'>
   <div class='ocr_carea' id='block_1_1' title="bbox 1453 123 1457 356">
    <p class='ocr_par' dir='ltr' id='par_1_1' title="bbox 1453 99 1457 372">
     <span class='ocr_line' id='line_1_1' title="bbox 1453 123 1457 356; baseline 0 -242"><span class='ocrx_word' id='word_1_1' title='bbox 1453 123 1457 356; x_wconf 28' lang='grc' dir='ltr'><strong><em>Ν</em></strong></span> 
     </span>
    </p>
   </div>
   <div class='ocr_carea' id='block_1_2' title="bbox 313 375 1458 546">
    <p class='ocr_par' dir='ltr' id='par_1_2' title="bbox 313 375 1458 546">
     <span class='ocr_line' id='line_1_2' title="bbox 313 375 1458 546; baseline -0.018 0"><span class='ocrx_word' id='word_1_2' title='bbox 313 445 357 546; x_wconf 82' lang='lat' dir='ltr'><strong>&#39;ao</strong></span> <span class='ocrx_word' id='word_1_3' title='bbox 767 471 991 538; x_wconf 66' lang='lat' dir='ltr'><strong>moranni</strong></span> <span class='ocrx_word' id='word_1_4' title='bbox 1455 375 1458 536; x_wconf 70' lang='lat' dir='ltr'><strong>i</strong></span> 
     </span>
    </p>
   </div>
   <div class='ocr_carea' id='block_1_3' title="bbox 315 634 1461 1144">
    <p class='ocr_par' dir='ltr' id='par_1_3' title="bbox 315 634 1420 837">
     <span class='ocr_line' id='line_1_3' title="bbox 315 634 1420 726; baseline -0.014 -14"><span class='ocrx_word' id='word_1_5' title='bbox 315 659 382 726; x_wconf 85' lang='lat' dir='ltr'><strong>tos,</strong></span> <span class='ocrx_word' id='word_1_6' title='bbox 413 656 444 712; x_wconf 89' lang='lat' dir='ltr'><strong>et</strong></span> <span class='ocrx_word' id='word_1_7' title='bbox 473 643 581 712; x_wconf 86' lang='lat' dir='ltr'><strong>adhuc</strong></span> <span class='ocrx_word' id='word_1_8' title='bbox 610 643 690 706; x_wconf 85' lang='lat' dir='ltr'><strong>torte</strong></span> <span class='ocrx_word' id='word_1_9' title='bbox 721 661 786 705; x_wconf 89' lang='lat' dir='ltr'><strong>esse</strong></span> <span class='ocrx_word' id='word_1_10' title='bbox 818 641 980 715; x_wconf 76' lang='lat' dir='ltr'><strong>Frisones,</strong></span> <span class='ocrx_word' id='word_1_11' title='bbox 1004 638 1077 703; x_wconf 86' lang='lat' dir='ltr'><strong>lieet</strong></span> <span class='ocrx_word' id='word_1_12' title='bbox 1097 637 1149 700; x_wconf 86' lang='lat' dir='ltr'><strong>illa</strong></span> <span class='ocrx_word' id='word_1_13' title='bbox 1170 653 1262 700; x_wconf 87' lang='lat' dir='ltr'><strong>nune</strong></span> <span class='ocrx_word' id='word_1_14' title='bbox 1284 634 1420 698; x_wconf 84' lang='lat' dir='ltr'><strong>nomina</strong></span> 
     </span>
     <span class='ocr_line' id='line_1_4' title="bbox 317 755 530 837; baseline 0.005 -17"><span class='ocrx_word' id='word_1_15' title='bbox 317 755 436 837; x_wconf 74' lang='lat' dir='ltr'><strong>abolita</strong></span> <span class='ocrx_word' id='word_1_16' title='bbox 456 756 530 821; x_wconf 88' lang='lat' dir='ltr'><strong>sint.</strong></span> 
     </span>
    </p>

    <p class='ocr_par' dir='ltr' id='par_1_4' title="bbox 316 852 1461 1144">
     <span class='ocr_line' id='line_1_5' title="bbox 358 852 1460 943; baseline -0.01 -14"><span class='ocrx_word' id='word_1_17' title='bbox 358 864 444 928; x_wconf 85' lang='lat' dir='ltr'><strong>llaec</strong></span> <span class='ocrx_word' id='word_1_18' title='bbox 475 861 609 927; x_wconf 82' lang='lat' dir='ltr'><strong>breviter</strong></span> <span class='ocrx_word' id='word_1_19' title='bbox 639 868 726 924; x_wconf 84' lang='lat' dir='ltr'><strong>extra</strong></span> <span class='ocrx_word' id='word_1_20' title='bbox 748 858 947 943; x_wconf 87' lang='lat' dir='ltr'><strong>propositum</strong></span> <span class='ocrx_word' id='word_1_21' title='bbox 968 854 1140 922; x_wconf 78' lang='lat' dir='ltr'>occasione</span> <span class='ocrx_word' id='word_1_22' title='bbox 1161 852 1371 918; x_wconf 88' lang='lat' dir='ltr'><strong>terminorum</strong></span> <span class='ocrx_word' id='word_1_23' title='bbox 1391 852 1422 912; x_wconf 71' lang='lat' dir='ltr'><strong>ab</strong></span> <span class='ocrx_word' id='word_1_24' title='bbox 1459 881 1460 918; x_wconf 58' lang='lat' dir='ltr'><strong>t</strong></span> 
     </span>
     <span class='ocr_line' id='line_1_6' title="bbox 316 959 1461 1037; baseline -0.015 -2"><span class='ocrx_word' id='word_1_25' title='bbox 316 971 501 1037; x_wconf 69' lang='lat' dir='ltr'><strong>mutationis</strong></span> <span class='ocrx_word' id='word_1_26' title='bbox 541 969 707 1034; x_wconf 88' lang='lat' dir='ltr'>nominum</span> <span class='ocrx_word' id='word_1_27' title='bbox 736 966 910 1030; x_wconf 88' lang='lat' dir='ltr'><strong>insularum</strong></span> <span class='ocrx_word' id='word_1_28' title='bbox 942 974 1043 1030; x_wconf 89' lang='lat' dir='ltr'><strong>terrae</strong></span> <span class='ocrx_word' id='word_1_29' title='bbox 1074 961 1187 1026; x_wconf 81' lang='lat' dir='ltr'><strong>Frisiae</strong></span> <span class='ocrx_word' id='word_1_30' title='bbox 1216 959 1303 1026; x_wconf 84' lang='lat' dir='ltr'><strong>dieto</strong></span> <span class='ocrx_word' id='word_1_31' title='bbox 1336 966 1421 1024; x_wconf 87' lang='lat' dir='ltr'><strong>sunt.</strong></span> <span class='ocrx_word' id='word_1_32' title='bbox 1460 995 1461 1018; x_wconf 57' lang='lat'><em>2</em></span> 
     </span>
     <span class='ocr_line' id='line_1_7' title="bbox 318 1071 1181 1144; baseline -0.005 -2"><span class='ocrx_word' id='word_1_33' title='bbox 318 1078 412 1144; x_wconf 85' lang='lat' dir='ltr'><strong>Nune</strong></span> <span class='ocrx_word' id='word_1_34' title='bbox 433 1078 477 1144; x_wconf 88' lang='lat' dir='ltr'><strong>ad</strong></span> <span class='ocrx_word' id='word_1_35' title='bbox 496 1086 621 1142; x_wconf 89' lang='lat' dir='ltr'><strong>nostrae</strong></span> <span class='ocrx_word' id='word_1_36' title='bbox 641 1074 788 1140; x_wconf 84' lang='lat' dir='ltr'><strong>historiae</strong></span> <span class='ocrx_word' id='word_1_37' title='bbox 810 1071 956 1138; x_wconf 84' lang='lat' dir='ltr'><strong>ordinem</strong></span> <span class='ocrx_word' id='word_1_38' title='bbox 978 1080 1181 1138; x_wconf 79' lang='lat' dir='ltr'><strong>revertamur.</strong></span> 
     </span>
    </p>
   </div>
   <div class='ocr_carea' id='block_1_4' title="bbox 457 1529 1272 1696">
    <p class='ocr_par' dir='ltr' id='par_1_5' title="bbox 457 1529 1272 1696">
     <span class='ocr_line' id='line_1_8' title="bbox 457 1529 1272 1596; baseline -0.011 -4"><span class='ocrx_word' id='word_1_39' title='bbox 457 1537 589 1592; x_wconf 78' lang='lat' dir='ltr'><strong>l’rlm</strong></span> <span class='ocrx_word' id='word_1_40' title='bbox 606 1533 762 1591; x_wconf 77' lang='lat' dir='ltr'><strong>servllls</strong></span> <span class='ocrx_word' id='word_1_41' title='bbox 780 1531 960 1588; x_wconf 74' lang='lat' dir='ltr'><strong>subnotto</strong></span> <span class='ocrx_word' id='word_1_42' title='bbox 977 1529 1184 1588; x_wconf 68' lang='lat' dir='ltr'><strong>nme-un</strong></span> <span class='ocrx_word' id='word_1_43' title='bbox 1200 1539 1272 1596; x_wconf 78' lang='lat' dir='ltr'><strong>per</strong></span> 
     </span>
     <span class='ocr_line' id='line_1_9' title="bbox 720 1624 1018 1696; baseline -0.017 -14"><span class='ocrx_word' id='word_1_44' title='bbox 720 1636 835 1696; x_wconf 63' lang='lat' dir='ltr'><strong>renen</strong></span> <span class='ocrx_word' id='word_1_45' title='bbox 852 1624 1018 1693; x_wconf 73' lang='lat' dir='ltr'><strong>Borrine.</strong></span> 
     </span>
    </p>
   </div>
   <div class='ocr_carea' id='block_1_5' title="bbox 794 1824 943 1896">
    <p class='ocr_par' dir='ltr' id='par_1_6' title="bbox 794 1824 943 1896">
     <span class='ocr_line' id='line_1_10' title="bbox 794 1824 943 1896; baseline -0.02 -4"><span class='ocrx_word' id='word_1_46' title='bbox 794 1826 883 1896; x_wconf 78' lang='lat' dir='ltr'>CAP.</span> <span class='ocrx_word' id='word_1_47' title='bbox 904 1824 943 1891; x_wconf 84' lang='lat' dir='ltr'><strong>V.</strong></span> 
     </span>
    </p>
   </div>
   <div class='ocr_carea' id='block_1_6' title="bbox 221 2036 1470 4302">
    <p class='ocr_par' dir='ltr' id='par_1_7' title="bbox 221 2036 1470 4302">
     <span class='ocr_line' id='line_1_11' title="bbox 360 2036 1423 2131; baseline -0.011 -17"><span class='ocrx_word' id='word_1_48' title='bbox 360 2047 440 2114; x_wconf 86' lang='lat' dir='ltr'><strong>Cum</strong></span> <span class='ocrx_word' id='word_1_49' title='bbox 468 2055 577 2131; x_wconf 76' lang='lat' dir='ltr'><strong>itaque</strong></span> <span class='ocrx_word' id='word_1_50' title='bbox 598 2044 692 2106; x_wconf 82' lang='lat' dir='ltr'><strong>Frisia</strong></span> <span class='ocrx_word' id='word_1_51' title='bbox 713 2042 804 2108; x_wconf 85' lang='lat' dir='ltr'><strong>cerlis</strong></span> <span class='ocrx_word' id='word_1_52' title='bbox 826 2040 965 2107; x_wconf 88' lang='lat' dir='ltr'><strong>terminis</strong></span> <span class='ocrx_word' id='word_1_53' title='bbox 985 2049 1016 2104; x_wconf 89' lang='lat' dir='ltr'><strong>et</strong></span> <span class='ocrx_word' id='word_1_54' title='bbox 1037 2037 1184 2104; x_wconf 89' lang='lat' dir='ltr'><strong>limitibus</strong></span> <span class='ocrx_word' id='word_1_55' title='bbox 1203 2047 1281 2104; x_wconf 87' lang='lat' dir='ltr'><strong>esset</strong></span> <span class='ocrx_word' id='word_1_56' title='bbox 1303 2036 1423 2112; x_wconf 84' lang='lat' dir='ltr'><strong>divisa,</strong></span> 
     </span>
     <span class='ocr_line' id='line_1_12' title="bbox 318 2145 1426 2242; baseline -0.01 -21"><span class='ocrx_word' id='word_1_57' title='bbox 318 2165 349 2222; x_wconf 88' lang='lat' dir='ltr'><strong>et</strong></span> <span class='ocrx_word' id='word_1_58' title='bbox 378 2155 521 2242; x_wconf 75' lang='lat' dir='ltr'><strong>singulae</strong></span> <span class='ocrx_word' id='word_1_59' title='bbox 549 2152 720 2220; x_wconf 80' lang='lat' dir='ltr'><strong>zelandiae</strong></span> <span class='ocrx_word' id='word_1_60' title='bbox 748 2171 802 2216; x_wconf 85' lang='lat' dir='ltr'><strong>seu</strong></span> <span class='ocrx_word' id='word_1_61' title='bbox 833 2151 956 2214; x_wconf 89' lang='lat' dir='ltr'><strong>insulae</strong></span> <span class='ocrx_word' id='word_1_62' title='bbox 989 2147 1051 2212; x_wconf 90' lang='lat' dir='ltr'><strong>coli</strong></span> <span class='ocrx_word' id='word_1_63' title='bbox 1072 2156 1103 2212; x_wconf 91' lang='lat' dir='ltr'><strong>et</strong></span> <span class='ocrx_word' id='word_1_64' title='bbox 1123 2145 1294 2222; x_wconf 83' lang='lat' dir='ltr'><strong>inhabitari</strong></span> <span class='ocrx_word' id='word_1_65' title='bbox 1314 2167 1333 2210; x_wconf 88' lang='lat' dir='ltr'><strong>a</strong></span> <span class='ocrx_word' id='word_1_66' title='bbox 1357 2145 1426 2212; x_wconf 88' lang='lat' dir='ltr'><strong>filiis</strong></span> 
     </span>
     <span class='ocr_line' id='line_1_13' title="bbox 266 2253 1427 2345; baseline -0.009 -16"><span class='ocrx_word' id='word_1_67' title='bbox 266 2253 267 2256; x_wconf 26' lang='lat'>¹</span> <span class='ocrx_word' id='word_1_68' title='bbox 317 2264 453 2328; x_wconf 84' lang='lat' dir='ltr'><strong>Frisonis</strong></span> <span class='ocrx_word' id='word_1_69' title='bbox 485 2262 518 2324; x_wconf 70' lang='lat' dir='ltr'><strong>ab</strong></span> <span class='ocrx_word' id='word_1_70' title='bbox 546 2261 669 2345; x_wconf 91' lang='lat' dir='ltr'><strong>populo</strong></span> <span class='ocrx_word' id='word_1_71' title='bbox 701 2259 757 2344; x_wconf 87' lang='lat' dir='ltr'><strong>qui</strong></span> <span class='ocrx_word' id='word_1_72' title='bbox 777 2279 885 2324; x_wconf 87' lang='lat' dir='ltr'><strong>seeum</strong></span> <span class='ocrx_word' id='word_1_73' title='bbox 906 2266 1035 2323; x_wconf 87' lang='lat' dir='ltr'><strong>venerat</strong></span> <span class='ocrx_word' id='word_1_74' title='bbox 1058 2255 1144 2342; x_wconf 75' lang='lat' dir='ltr'><strong>(licet</strong></span> <span class='ocrx_word' id='word_1_75' title='bbox 1166 2275 1301 2322; x_wconf 90' lang='lat' dir='ltr'><strong>numero</strong></span> <span class='ocrx_word' id='word_1_76' title='bbox 1321 2264 1427 2320; x_wconf 82' lang='lat' dir='ltr'><strong>essent</strong></span> 
     </span>
     <span class='ocr_line' id='line_1_14' title="bbox 317 2365 1469 2458; baseline -0.008 -23"><span class='ocrx_word' id='word_1_77' title='bbox 317 2369 426 2458; x_wconf 89' lang='lat' dir='ltr'><strong>pauci)</strong></span> <span class='ocrx_word' id='word_1_78' title='bbox 460 2367 657 2452; x_wconf 83' lang='lat' dir='ltr'><strong>coepissent,</strong></span> <span class='ocrx_word' id='word_1_79' title='bbox 692 2366 853 2450; x_wconf 82' lang='lat' dir='ltr'><strong>praecepit</strong></span> <span class='ocrx_word' id='word_1_80' title='bbox 874 2365 918 2430; x_wconf 85' lang='lat' dir='ltr'><strong>eis</strong></span> <span class='ocrx_word' id='word_1_81' title='bbox 938 2365 1025 2430; x_wconf 80' lang='lat' dir='ltr'><strong>Friso</strong></span> <span class='ocrx_word' id='word_1_82' title='bbox 1045 2374 1158 2450; x_wconf 90' lang='lat' dir='ltr'><strong>pater,</strong></span> <span class='ocrx_word' id='word_1_83' title='bbox 1193 2374 1320 2430; x_wconf 89' lang='lat' dir='ltr'><strong>utnon</strong></span> <span class='ocrx_word' id='word_1_84' title='bbox 1343 2384 1428 2430; x_wconf 89' lang='lat' dir='ltr'><strong>oon·</strong></span> <span class='ocrx_word' id='word_1_85' title='bbox 1468 2423 1469 2444; x_wconf 60' lang='lat'><strong>,</strong></span> 
     </span>
     <span class='ocr_line' id='line_1_15' title="bbox 318 2459 1469 2562; baseline -0.005 -20"><span class='ocrx_word' id='word_1_86' title='bbox 318 2479 478 2544; x_wconf 86' lang='lat' dir='ltr'><strong>stituerent</strong></span> <span class='ocrx_word' id='word_1_87' title='bbox 499 2474 556 2540; x_wconf 82' lang='lat' dir='ltr'><strong>sibi</strong></span> <span class='ocrx_word' id='word_1_88' title='bbox 577 2495 696 2562; x_wconf 80' lang='lat' dir='ltr'><strong>regern,</strong></span> <span class='ocrx_word' id='word_1_89' title='bbox 709 2495 769 2540; x_wconf 88' lang='lat' dir='ltr'><strong>nee</strong></span> <span class='ocrx_word' id='word_1_90' title='bbox 790 2494 932 2560; x_wconf 75' lang='lat' dir='ltr'><strong>tanqum</strong></span> <span class='ocrx_word' id='word_1_91' title='bbox 954 2483 1086 2540; x_wconf 84' lang='lat' dir='ltr'><strong>externo</strong></span> <span class='ocrx_word' id='word_1_92' title='bbox 1107 2495 1140 2540; x_wconf 89' lang='lat' dir='ltr'><strong>se</strong></span> <span class='ocrx_word' id='word_1_93' title='bbox 1156 2473 1348 2560; x_wconf 78' lang='lat' dir='ltr'><strong>subiicerent</strong></span> <span class='ocrx_word' id='word_1_94' title='bbox 1368 2473 1428 2538; x_wconf 90' lang='lat' dir='ltr'><strong>do-</strong></span> <span class='ocrx_word' id='word_1_95' title='bbox 1467 2459 1469 2464; x_wconf 55' lang='grc'>’</span> 
     </span>
     <span class='ocr_line' id='line_1_16' title="bbox 319 2561 1470 2676; baseline 0 -26"><span class='ocrx_word' id='word_1_96' title='bbox 319 2585 427 2660; x_wconf 89' lang='lat' dir='ltr'><strong>mino,</strong></span> <span class='ocrx_word' id='word_1_97' title='bbox 460 2582 515 2648; x_wconf 90' lang='lat' dir='ltr'><strong>sed</strong></span> <span class='ocrx_word' id='word_1_98' title='bbox 546 2581 635 2648; x_wconf 90' lang='lat' dir='ltr'><strong>liberi</strong></span> <span class='ocrx_word' id='word_1_99' title='bbox 667 2592 698 2649; x_wconf 89' lang='lat' dir='ltr'><strong>et</strong></span> <span class='ocrx_word' id='word_1_100' title='bbox 730 2583 763 2647; x_wconf 90' lang='lat' dir='ltr'><strong>in</strong></span> <span class='ocrx_word' id='word_1_101' title='bbox 795 2582 939 2648; x_wconf 87' lang='lat' dir='ltr'><strong>libertate</strong></span> <span class='ocrx_word' id='word_1_102' title='bbox 959 2592 1181 2668; x_wconf 80' lang='lat' dir='ltr'><strong>permanentes</strong></span> <span class='ocrx_word' id='word_1_103' title='bbox 1200 2593 1316 2650; x_wconf 90' lang='lat' dir='ltr'><strong>terram</strong></span> <span class='ocrx_word' id='word_1_104' title='bbox 1337 2605 1428 2650; x_wconf 83' lang='lat' dir='ltr'><strong>suam</strong></span> <span class='ocrx_word' id='word_1_105' title='bbox 1468 2561 1470 2676; x_wconf 63' lang='lat' dir='ltr'><strong>i</strong></span> 
     </span>
     <span class='ocr_line' id='line_1_17' title="bbox 319 2690 1430 2787; baseline 0.003 -31"><span class='ocrx_word' id='word_1_106' title='bbox 319 2714 377 2782; x_wconf 93' lang='lat' dir='ltr'><strong>per</strong></span> <span class='ocrx_word' id='word_1_107' title='bbox 395 2691 515 2758; x_wconf 85' lang='lat' dir='ltr'><strong>iudices</strong></span> <span class='ocrx_word' id='word_1_108' title='bbox 534 2711 574 2755; x_wconf 85' lang='lat' dir='ltr'><strong>ex</strong></span> <span class='ocrx_word' id='word_1_109' title='bbox 593 2711 626 2756; x_wconf 87' lang='lat' dir='ltr'><strong>se</strong></span> <span class='ocrx_word' id='word_1_110' title='bbox 646 2691 719 2787; x_wconf 80' lang='lat' dir='ltr'><strong>ipsis</strong></span> <span class='ocrx_word' id='word_1_111' title='bbox 739 2692 856 2768; x_wconf 73' lang='lat' dir='ltr'><strong>eleetos</strong></span> <span class='ocrx_word' id='word_1_112' title='bbox 876 2690 1102 2780; x_wconf 75' lang='lat' dir='ltr'><strong>gubernarent.</strong></span> <span class='ocrx_word' id='word_1_113' title='bbox 1152 2691 1248 2774; x_wconf 87' lang='lat' dir='ltr'><strong>Quod</strong></span> <span class='ocrx_word' id='word_1_114' title='bbox 1270 2702 1301 2756; x_wconf 85' lang='lat' dir='ltr'><strong>et</strong></span> <span class='ocrx_word' id='word_1_115' title='bbox 1322 2694 1430 2759; x_wconf 88' lang='lat' dir='ltr'><strong>multis</strong></span> 
     </span>
     <span class='ocr_line' id='line_1_18' title="bbox 320 2799 1470 2886; baseline 0 -18"><span class='ocrx_word' id='word_1_116' title='bbox 320 2802 415 2869; x_wconf 88' lang='lat' dir='ltr'><strong>annis</strong></span> <span class='ocrx_word' id='word_1_117' title='bbox 454 2820 528 2865; x_wconf 87' lang='lat' dir='ltr'><strong>cum</strong></span> <span class='ocrx_word' id='word_1_118' title='bbox 568 2799 692 2884; x_wconf 81' lang='lat' dir='ltr'><strong>ingenti</strong></span> <span class='ocrx_word' id='word_1_119' title='bbox 722 2799 823 2884; x_wconf 83' lang='lat' dir='ltr'><strong>gloria</strong></span> <span class='ocrx_word' id='word_1_120' title='bbox 856 2809 887 2864; x_wconf 89' lang='lat' dir='ltr'><strong>et</strong></span> <span class='ocrx_word' id='word_1_121' title='bbox 918 2820 1040 2886; x_wconf 82' lang='lat' dir='ltr'><strong>magno</strong></span> <span class='ocrx_word' id='word_1_122' title='bbox 1071 2821 1173 2866; x_wconf 88' lang='lat' dir='ltr'><strong>rerum</strong></span> <span class='ocrx_word' id='word_1_123' title='bbox 1204 2802 1429 2886; x_wconf 87' lang='lat' dir='ltr'><strong>temporalium</strong></span> <span class='ocrx_word' id='word_1_124' title='bbox 1468 2809 1470 2820; x_wconf 91' lang='lat'>&#39;</span> 
     </span>
     <span class='ocr_line' id='line_1_19' title="bbox 250 2907 1430 2994; baseline -0.002 -18"><span class='ocrx_word' id='word_1_125' title='bbox 250 2927 253 2932; x_wconf 85' lang='lat'>·</span> <span class='ocrx_word' id='word_1_126' title='bbox 319 2914 520 2976; x_wconf 88' lang='lat' dir='ltr'><strong>incremento</strong></span> <span class='ocrx_word' id='word_1_127' title='bbox 550 2917 761 2973; x_wconf 84' lang='lat' dir='ltr'><strong>servaverunt.</strong></span> <span class='ocrx_word' id='word_1_128' title='bbox 803 2907 917 2973; x_wconf 81' lang='lat' dir='ltr'><strong>Donec</strong></span> <span class='ocrx_word' id='word_1_129' title='bbox 947 2908 1149 2994; x_wconf 86' lang='lat' dir='ltr'><strong>multiplicati</strong></span> <span class='ocrx_word' id='word_1_130' title='bbox 1181 2919 1361 2974; x_wconf 79' lang='lat' dir='ltr'><strong>crescerent</strong></span> <span class='ocrx_word' id='word_1_131' title='bbox 1395 2910 1430 2974; x_wconf 90' lang='lat' dir='ltr'><strong>in</strong></span> 
     </span>
     <span class='ocr_line' id='line_1_20' title="bbox 221 3013 1432 3106; baseline 0.002 -25"><span class='ocrx_word' id='word_1_132' title='bbox 221 3015 223 3020; x_wconf 79' lang='grc'><strong>’</strong></span> <span class='ocrx_word' id='word_1_133' title='bbox 320 3028 447 3106; x_wconf 74' lang='lat' dir='ltr'><strong>gentem</strong></span> <span class='ocrx_word' id='word_1_134' title='bbox 477 3035 627 3102; x_wconf 70' lang='lat' dir='ltr'><strong>magnam</strong></span> <span class='ocrx_word' id='word_1_135' title='bbox 658 3024 689 3079; x_wconf 91' lang='lat' dir='ltr'><strong>et</strong></span> <span class='ocrx_word' id='word_1_136' title='bbox 709 3013 890 3092; x_wconf 86' lang='lat' dir='ltr'><strong>robustam,</strong></span> <span class='ocrx_word' id='word_1_137' title='bbox 923 3015 967 3080; x_wconf 90' lang='lat' dir='ltr'><strong>ita</strong></span> <span class='ocrx_word' id='word_1_138' title='bbox 988 3026 1023 3080; x_wconf 86' lang='lat' dir='ltr'><strong>ut</strong></span> <span class='ocrx_word' id='word_1_139' title='bbox 1044 3018 1217 3104; x_wconf 83' lang='lat' dir='ltr'><strong>inciperent</strong></span> <span class='ocrx_word' id='word_1_140' title='bbox 1239 3017 1341 3082; x_wconf 88' lang='lat' dir='ltr'><strong>timori</strong></span> <span class='ocrx_word' id='word_1_141' title='bbox 1364 3040 1432 3084; x_wconf 89' lang='lat' dir='ltr'><strong>esse</strong></span> 
     </span>
     <span class='ocr_line' id='line_1_21' title="bbox 321 3122 1433 3214; baseline -0.001 -23"><span class='ocrx_word' id='word_1_142' title='bbox 321 3127 462 3214; x_wconf 85' lang='lat' dir='ltr'><strong>regibus,</strong></span> <span class='ocrx_word' id='word_1_143' title='bbox 494 3123 646 3200; x_wconf 86' lang='lat' dir='ltr'><strong>ducibus,</strong></span> <span class='ocrx_word' id='word_1_144' title='bbox 679 3132 710 3188; x_wconf 88' lang='lat' dir='ltr'><strong>et</strong></span> <span class='ocrx_word' id='word_1_145' title='bbox 733 3122 878 3210; x_wconf 86' lang='lat' dir='ltr'><strong>tyrannis</strong></span> <span class='ocrx_word' id='word_1_146' title='bbox 897 3124 1020 3201; x_wconf 78' lang='lat' dir='ltr'><strong>ricinis,</strong></span> <span class='ocrx_word' id='word_1_147' title='bbox 1046 3134 1162 3190; x_wconf 87' lang='lat' dir='ltr'><strong>eontra</strong></span> <span class='ocrx_word' id='word_1_148' title='bbox 1182 3145 1265 3212; x_wconf 85' lang='lat' dir='ltr'><strong>quos</strong></span> <span class='ocrx_word' id='word_1_149' title='bbox 1284 3125 1433 3211; x_wconf 88' lang='lat' dir='ltr'><strong>quotidie</strong></span> 
     </span>
     <span class='ocr_line' id='line_1_22' title="bbox 321 3231 1431 3328; baseline 0.002 -30"><span class='ocrx_word' id='word_1_150' title='bbox 321 3244 499 3322; x_wconf 76' lang='lat' dir='ltr'><strong>pugnantes</strong></span> <span class='ocrx_word' id='word_1_151' title='bbox 529 3231 738 3328; x_wconf 84' lang='lat' dir='ltr'><strong>dilataverunt</strong></span> <span class='ocrx_word' id='word_1_152' title='bbox 771 3233 919 3297; x_wconf 89' lang='lat' dir='ltr'><strong>terminos</strong></span> <span class='ocrx_word' id='word_1_153' title='bbox 951 3254 1033 3302; x_wconf 81' lang='lat' dir='ltr'><strong>uros.</strong></span> <span class='ocrx_word' id='word_1_154' title='bbox 1076 3234 1151 3300; x_wconf 84' lang='lat' dir='ltr'><strong>Post</strong></span> <span class='ocrx_word' id='word_1_155' title='bbox 1178 3235 1299 3320; x_wconf 22' lang='lat' dir='ltr'><strong>&#39;multos</strong></span> <span class='ocrx_word' id='word_1_156' title='bbox 1319 3234 1431 3322; x_wconf 90' lang='lat' dir='ltr'><strong>itaque</strong></span> 
     </span>
     <span class='ocr_line' id='line_1_23' title="bbox 322 3340 1431 3430; baseline 0 -21"><span class='ocrx_word' id='word_1_157' title='bbox 322 3343 389 3409; x_wconf 89' lang='lat' dir='ltr'><strong>dies</strong></span> <span class='ocrx_word' id='word_1_158' title='bbox 407 3347 559 3430; x_wconf 77' lang='lat' dir='ltr'><strong>paternae</strong></span> <span class='ocrx_word' id='word_1_159' title='bbox 579 3341 776 3405; x_wconf 89' lang='lat' dir='ltr'><strong>immemores</strong></span> <span class='ocrx_word' id='word_1_160' title='bbox 796 3340 994 3418; x_wconf 84' lang='lat' dir='ltr'><strong>traditionis,</strong></span> <span class='ocrx_word' id='word_1_161' title='bbox 1026 3363 1066 3408; x_wconf 87' lang='lat' dir='ltr'><strong>ae</strong></span> <span class='ocrx_word' id='word_1_162' title='bbox 1088 3342 1223 3428; x_wconf 85' lang='lat' dir='ltr'><strong>pessimo</strong></span> <span class='ocrx_word' id='word_1_163' title='bbox 1242 3341 1324 3408; x_wconf 90' lang='lat' dir='ltr'><strong>inito</strong></span> <span class='ocrx_word' id='word_1_164' title='bbox 1347 3363 1431 3410; x_wconf 86' lang='lat' dir='ltr'><strong>eon·</strong></span> 
     </span>
     <span class='ocr_line' id='line_1_24' title="bbox 322 3450 1431 3541; baseline 0.001 -24"><span class='ocrx_word' id='word_1_165' title='bbox 322 3453 410 3530; x_wconf 86' lang='lat' dir='ltr'><strong>silio,</strong></span> <span class='ocrx_word' id='word_1_166' title='bbox 445 3450 609 3517; x_wconf 87' lang='lat' dir='ltr'><strong>communi</strong></span> <span class='ocrx_word' id='word_1_167' title='bbox 629 3458 806 3514; x_wconf 87' lang='lat' dir='ltr'><strong>statuerunt</strong></span> <span class='ocrx_word' id='word_1_168' title='bbox 827 3450 956 3517; x_wconf 85' lang='lat' dir='ltr'><strong>decreto</strong></span> <span class='ocrx_word' id='word_1_169' title='bbox 977 3452 1100 3518; x_wconf 88' lang='lat' dir='ltr'><strong>mittere</strong></span> <span class='ocrx_word' id='word_1_170' title='bbox 1120 3452 1240 3540; x_wconf 80' lang='lat' dir='ltr'><strong>legatos</strong></span> <span class='ocrx_word' id='word_1_171' title='bbox 1261 3452 1303 3518; x_wconf 83' lang='lat' dir='ltr'><strong>ad</strong></span> <span class='ocrx_word' id='word_1_172' title='bbox 1324 3475 1431 3541; x_wconf 81' lang='lat' dir='ltr'><strong>regem</strong></span> 
     </span>
     <span class='ocr_line' id='line_1_25' title="bbox 320 3559 1432 3651; baseline 0.002 -25"><span class='ocrx_word' id='word_1_173' title='bbox 320 3562 503 3638; x_wconf 80' lang='lat' dir='ltr'><strong>banorum,</strong></span> <span class='ocrx_word' id='word_1_174' title='bbox 533 3569 569 3623; x_wconf 89' lang='lat' dir='ltr'><strong>ut</strong></span> <span class='ocrx_word' id='word_1_175' title='bbox 589 3559 715 3624; x_wconf 80' lang='lat' dir='ltr'><strong>veniens</strong></span> <span class='ocrx_word' id='word_1_176' title='bbox 734 3559 950 3626; x_wconf 78' lang='lat' dir='ltr'><strong>dominaretur</strong></span> <span class='ocrx_word' id='word_1_177' title='bbox 970 3581 1093 3628; x_wconf 87' lang='lat' dir='ltr'><strong>eorum.</strong></span> <span class='ocrx_word' id='word_1_178' title='bbox 1136 3561 1301 3628; x_wconf 84' lang='lat' dir='ltr'><strong>Venientes</strong></span> <span class='ocrx_word' id='word_1_179' title='bbox 1320 3562 1432 3651; x_wconf 80' lang='lat' dir='ltr'><strong>itaque</strong></span> 
     </span>
     <span class='ocr_line' id='line_1_26' title="bbox 322 3665 1432 3758; baseline 0.004 -26"><span class='ocrx_word' id='word_1_180' title='bbox 322 3669 414 3754; x_wconf 78' lang='lat' dir='ltr'><strong>legati</strong></span> <span class='ocrx_word' id='word_1_181' title='bbox 445 3679 478 3732; x_wconf 93' lang='lat' dir='ltr'><strong>et</strong></span> <span class='ocrx_word' id='word_1_182' title='bbox 505 3669 562 3756; x_wconf 83' lang='lat' dir='ltr'><strong>qui</strong></span> <span class='ocrx_word' id='word_1_183' title='bbox 592 3669 677 3732; x_wconf 85' lang='lat' dir='ltr'><strong>missi</strong></span> <span class='ocrx_word' id='word_1_184' title='bbox 703 3665 832 3733; x_wconf 81' lang='lat' dir='ltr'><strong>fuerant</strong></span> <span class='ocrx_word' id='word_1_185' title='bbox 854 3670 897 3735; x_wconf 92' lang='lat' dir='ltr'><strong>ad</strong></span> <span class='ocrx_word' id='word_1_186' title='bbox 917 3690 1020 3758; x_wconf 81' lang='lat' dir='ltr'><strong>regem</strong></span> <span class='ocrx_word' id='word_1_187' title='bbox 1042 3669 1208 3735; x_wconf 86' lang='lat' dir='ltr'><strong>dixerunt:</strong></span> <span class='ocrx_word' id='word_1_188' title='bbox 1252 3669 1381 3738; x_wconf 81' lang='lat' dir='ltr'><strong>Iudices</strong></span> <span class='ocrx_word' id='word_1_189' title='bbox 1402 3681 1432 3738; x_wconf 87' lang='lat' dir='ltr'><strong>et</strong></span> 
     </span>
     <span class='ocr_line' id='line_1_27' title="bbox 322 3777 1432 3868; baseline 0.004 -26"><span class='ocrx_word' id='word_1_190' title='bbox 322 3779 458 3866; x_wconf 89' lang='lat' dir='ltr'><strong>populus</strong></span> <span class='ocrx_word' id='word_1_191' title='bbox 489 3789 607 3864; x_wconf 89' lang='lat' dir='ltr'><strong>septem</strong></span> <span class='ocrx_word' id='word_1_192' title='bbox 638 3777 860 3845; x_wconf 86' lang='lat' dir='ltr'><strong>Zelandiarum</strong></span> <span class='ocrx_word' id='word_1_193' title='bbox 892 3781 1005 3848; x_wconf 84' lang='lat' dir='ltr'><strong>Frisiae</strong></span> <span class='ocrx_word' id='word_1_194' title='bbox 1038 3801 1108 3848; x_wconf 89' lang='lat' dir='ltr'><strong>non</strong></span> <span class='ocrx_word' id='word_1_195' title='bbox 1141 3780 1296 3846; x_wconf 87' lang='lat' dir='ltr'><strong>habentes</strong></span> <span class='ocrx_word' id='word_1_196' title='bbox 1325 3801 1432 3868; x_wconf 84' lang='lat' dir='ltr'><strong>regem</strong></span> 
     </span>
     <span class='ocr_line' id='line_1_28' title="bbox 323 3886 1433 3978; baseline 0 -25"><span class='ocrx_word' id='word_1_197' title='bbox 323 3908 430 3976; x_wconf 89' lang='lat' dir='ltr'><strong>neque</strong></span> <span class='ocrx_word' id='word_1_198' title='bbox 463 3886 627 3952; x_wconf 90' lang='lat' dir='ltr'><strong>dominum</strong></span> <span class='ocrx_word' id='word_1_199' title='bbox 657 3886 807 3952; x_wconf 89' lang='lat' dir='ltr'><strong>miserunt</strong></span> <span class='ocrx_word' id='word_1_200' title='bbox 829 3907 889 3956; x_wconf 89' lang='lat' dir='ltr'><strong>nos</strong></span> <span class='ocrx_word' id='word_1_201' title='bbox 909 3899 940 3954; x_wconf 89' lang='lat' dir='ltr'><strong>te</strong></span> <span class='ocrx_word' id='word_1_202' title='bbox 960 3900 1128 3978; x_wconf 80' lang='lat' dir='ltr'><strong>rogantes,</strong></span> <span class='ocrx_word' id='word_1_203' title='bbox 1162 3899 1198 3954; x_wconf 89' lang='lat' dir='ltr'><strong>ut</strong></span> <span class='ocrx_word' id='word_1_204' title='bbox 1219 3911 1273 3956; x_wconf 87' lang='lat' dir='ltr'><strong>eos</strong></span> <span class='ocrx_word' id='word_1_205' title='bbox 1293 3887 1354 3956; x_wconf 87' lang='lat' dir='ltr'><strong>sub</strong></span> <span class='ocrx_word' id='word_1_206' title='bbox 1377 3899 1433 3954; x_wconf 90' lang='lat' dir='ltr'><strong>tuo</strong></span> 
     </span>
     <span class='ocr_line' id='line_1_29' title="bbox 322 3996 1433 4087; baseline 0.004 -25"><span class='ocrx_word' id='word_1_207' title='bbox 322 3996 470 4084; x_wconf 83' lang='lat' dir='ltr'><strong>suscipias</strong></span> <span class='ocrx_word' id='word_1_208' title='bbox 502 3996 645 4062; x_wconf 88' lang='lat' dir='ltr'><strong>dominio</strong></span> <span class='ocrx_word' id='word_1_209' title='bbox 677 4015 717 4061; x_wconf 81' lang='lat' dir='ltr'><strong>aa</strong></span> <span class='ocrx_word' id='word_1_210' title='bbox 746 3998 961 4082; x_wconf 88' lang='lat' dir='ltr'><strong>protectione,</strong></span> <span class='ocrx_word' id='word_1_211' title='bbox 999 3999 1192 4087; x_wconf 83' lang='lat' dir='ltr'><strong>Danieisque</strong></span> <span class='ocrx_word' id='word_1_212' title='bbox 1212 4019 1267 4065; x_wconf 86' lang='lat' dir='ltr'><strong>eos</strong></span> <span class='ocrx_word' id='word_1_213' title='bbox 1286 4000 1433 4066; x_wconf 85' lang='lat' dir='ltr'><strong>instituas</strong></span> 
     </span>
     <span class='ocr_line' id='line_1_30' title="bbox 323 4104 1432 4194; baseline 0.007 -26"><span class='ocrx_word' id='word_1_214' title='bbox 323 4104 451 4190; x_wconf 78' lang='lat' dir='ltr'><strong>legibus.</strong></span> <span class='ocrx_word' id='word_1_215' title='bbox 495 4105 568 4190; x_wconf 85' lang='lat' dir='ltr'><strong>Quo</strong></span> <span class='ocrx_word' id='word_1_216' title='bbox 599 4105 709 4171; x_wconf 88' lang='lat' dir='ltr'><strong>audito</strong></span> <span class='ocrx_word' id='word_1_217' title='bbox 739 4128 794 4172; x_wconf 85' lang='lat' dir='ltr'><strong>rex</strong></span> <span class='ocrx_word' id='word_1_218' title='bbox 825 4109 946 4194; x_wconf 81' lang='lat' dir='ltr'><strong>gavisus</strong></span> <span class='ocrx_word' id='word_1_219' title='bbox 977 4117 1022 4172; x_wconf 87' lang='lat' dir='ltr'><strong>est</strong></span> <span class='ocrx_word' id='word_1_220' title='bbox 1043 4109 1152 4186; x_wconf 85' lang='lat' dir='ltr'><strong>valde,</strong></span> <span class='ocrx_word' id='word_1_221' title='bbox 1187 4108 1361 4193; x_wconf 88' lang='lat' dir='ltr'><strong>prudenter</strong></span> <span class='ocrx_word' id='word_1_222' title='bbox 1384 4120 1432 4175; x_wconf 89' lang='lat' dir='ltr'><strong>ta·</strong></span> 
     </span>
     <span class='ocr_line' id='line_1_31' title="bbox 323 4213 1431 4302; baseline 0.005 -25"><span class='ocrx_word' id='word_1_223' title='bbox 323 4231 397 4290; x_wconf 86' lang='lat' dir='ltr'><strong>men</strong></span> <span class='ocrx_word' id='word_1_224' title='bbox 431 4213 628 4281; x_wconf 87' lang='lat' dir='ltr'><strong>dissimulans</strong></span> <span class='ocrx_word' id='word_1_225' title='bbox 657 4214 827 4293; x_wconf 87' lang='lat' dir='ltr'><strong>laetitiam,</strong></span> <span class='ocrx_word' id='word_1_226' title='bbox 860 4237 901 4281; x_wconf 90' lang='lat' dir='ltr'><strong>ne</strong></span> <span class='ocrx_word' id='word_1_227' title='bbox 921 4237 940 4282; x_wconf 91' lang='lat' dir='ltr'><strong>a</strong></span> <span class='ocrx_word' id='word_1_228' title='bbox 962 4216 1069 4302; x_wconf 74' lang='lat' dir='ltr'><strong>legatis</strong></span> <span class='ocrx_word' id='word_1_229' title='bbox 1091 4227 1268 4286; x_wconf 89' lang='lat' dir='ltr'><strong>notaretur.</strong></span> <span class='ocrx_word' id='word_1_230' title='bbox 1313 4218 1431 4287; x_wconf 81' lang='lat' dir='ltr'><strong>Volae-</strong></span> 
     </span>
    </p>
   </div>
   <div class='ocr_carea' id='block_1_7' title="bbox 0 0 1495 5144">
    <p class='ocr_par' dir='ltr' id='par_1_8' title="bbox 0 0 1495 5144">
     <span class='ocr_line' id='line_1_32' title="bbox 0 0 1495 5144; baseline 0 0"><span class='ocrx_word' id='word_1_231' title='bbox 0 0 1495 5144; x_wconf 95' lang='lat' dir='ltr'><strong> </strong></span> 
     </span>
    </p>
   </div>
  </div>
 </body>
</html>
