2916 5150
269 499 312 563 ffl
729 493 952 561 Wortrnrtr

267 666 342 729 Erat
372 662 454 727 enim
487 679 575 726 verua
605 659 786 740 israhelite,
817 663 853 726 in
886 662 975 728 cuiue
995 661 1104 745 spiritu
1125 659 1230 724 nultus
1249 661 1374 728 nutric-

267 772 361 837 batur
391 770 498 849 dolue;
533 771 693 833 neminem
724 770 890 846 laedebat,
934 770 1095 834 neminem
1134 769 1370 847 defraudabat,

266 879 380 944 nemini
411 878 502 963 quod
531 876 590 941 ribi
619 876 688 941 fieri
720 878 822 942 noluit
843 878 927 944 iecit.
970 876 1097 941 Idcirco
1118 877 1267 941 dominns
1288 876 1372 942 Rix-

265 987 365 1052 iridue
393 1007 466 1051 eum
497 984 609 1049 talibus
641 1003 714 1048 eum
746 985 864 1071 fulgere
895 984 1068 1051 virtutibus·
1093 984 1230 1061 videret,
1265 986 1374 1050 nimio·

265 1096 399 1182 repletus
418 1093 555 1179 gaudio,
578 1091 668 1177 quod
689 1093 783 1157 talem
804 1102 975 1159 mereretur
994 1092 1111 1158 habere
1130 1111 1365 1170 successorem,

264 1206 366 1291 ipsum
404 1203 476 1267 licet
513 1200 647 1266 inritum
679 1199 838 1266 ordinavit
868 1199 1094 1286 presbyterum.
1149 1199 1275 1265 Nomen
1307 1222 1368 1264 uu·-

265 1324 329 1377 tem
371 1311 436 1375 eius
465 1317 596 1395 propter
628 1307 711 1372 ritae
742 1309 986 1374 sanctimoniam
1015 1329 1073 1393 per
1104 1307 1281 1373 universam
1311 1329 1366 1373 cc·

263 1417 348 1484 lcbre
379 1418 497 1482 sactum
527 1425 574 1480 est
603 1423 742 1490 tcrram,
786 1417 831 1481 ita
863 1427 898 1480 ut
930 1416 1024 1482 ctiam
1057 1417 1156 1501 regias
1186 1415 1372 1507 verberaret

265 1547 365 1592 8111·θῶ

263 1980 321 2037 De
346 1977 534 2037 lundonie!
554 1977 745 2036 Frenctae
766 1978 872 2049 rests
896 1992 943 2037 ec
961 1980 1221 2037 Romanorum
1238 1979 1372 2050 impe-

328 2073 495 2140 rator-ts,
512 2070 588 2128 ΜΠ
609 2068 741 2128 caroli
758 2072 912 2141 magni,
929 2072 1074 2132 uuerco
1092 2073 1289 2143 coningio.

692 2272 782 2338 CAP.
803 2273 913 2341 XXIX.

300 2494 400 2553 Anno
431 2485 557 2549 Domini
577 2485 685 2554 viiicxv
705 2487 758 2552 die
777 2491 869 2555 xxviii
899 2491 1041 2556 Januarii
1073 2490 1151 2555 obiit
1172 2490 1365 2578 tqusgrmr

260 2597 391 2667 Carolus
419 2614 554 2681 magnus
586 2597 782 2662 Francorum
803 2619 859 2663 rex
879 2608 909 2663 et
932 2598 1155 2662 Romanorum
1176 2598 1367 2683 imperatore

257 2708 316 2777 Cui
345 2707 380 2770 in
412 2721 508 2787 regno
539 2713 570 2768 et
603 2704 734 2790 imperio
765 2708 910 2772 successit
930 2706 1012 2770 filius
1033 2705 1211 2771 Ludoricus
1232 2727 1363 2793 cogno·

259 2824 369 2880 mento
408 2813 487 2896 pius.
542 2811 636 2877 Cuius
666 2814 767 2896 prima
801 2835 882 2878 uxor
913 2813 1000 2879 dicta
1032 2813 1203 2899 Ermgarda
1233 2816 1363 2899 peperit

257 2925 338 2989 duos
369 2919 450 2983 titios
479 2916 663 2981 Lotharium
694 2930 725 2982 ct
745 2919 951 2987 Ludoricum.
997 2922 1072 2986 Post
1092 2932 1226 2986 mortem
1248 2931 1361 2987 nutem

255 3026 447 3110 Ermgardae
486 3020 698 3113 praescriptae
739 3029 917 3096 Ludoricus
959 3032 1053 3096 aliam
1083 3031 1171 3114 duxit
1202 3053 1356 3108 uxorem,

249 3136 353 3223 ‚filiam
382 3133 527 3199 videlicet
548 3135 736 3220 Welphonis
768 3137 856 3202 ducis
877 3138 1047 3216 Barariac,
1070 3139 1176 3204 Iudith
1198 3140 1361 3218 nomines

255 3261 340 3330 quae
368 3242 472 3327 ncptis
501 3252 569 3307 erut
598 3244 657 3328 ipsi
688 3244 868 3321 Ludorico‚
905 3256 936 3312 ct
956 3247 1081 3312 idcirco
1100 3245 1243 3311 illicitum
1264 3248 1357 3314 neia-

253 3354 400 3437 riumque
440 3348 482 3413 ab
523 3349 671 3414 omnibus
702 3352 821 3418 Galliae
852 3353 1006 3439 episcopis
1034 3355 1280 3437 pronuntiatum
1307 3366 1355 3420 cot

252 3459 505 3538 matrimonium
538 3470 634 3545 atquc
662 3471 734 3545 poet
764 3463 954 3528 canonicam
985 3461 1259 3540 admonitionem,
1293 3464 1360 3530 niti

253 3569 412 3635 mulierem
450 3567 634 3644 dimitteret.
679 3569 1015 3634 excommunicationis
1056 3574 1247 3635 sententiam
1285 3573 1353 3658 regi

251 3677 478 3751 minabantur3
509 3676 564 3757 qui
594 3696 637 3741 nc
666 3679 1009 3754 excommunicaretur,
1042 3677 1150 3743 relicta
1183 3679 1284 3744 Gallia
1318 3680 1359 3745 in

251 3782 453 3849 Germaniam
486 3783 580 3847 venit.
625 3784 710 3848 Haec
739 3784 859 3874 idcirco
893 3785 944 3849 hic
976 3785 1078 3850 obiter
1111 3804 1243 3850 narrare
1278 3785 1353 3850 duxi

250 3889 474 3964 necessarium,
508 3889 583 3973 quia
612 3892 753 3978 martyrii
783 3890 870 3959 beati
897 3894 1050 3960 Fredcrici
1083 3893 1222 3977 episcopi
1254 3915 1356 3960 canna

250 3997 316 4063 fuit.

762 4161 840 4192 m
