2950 5144
288 453 333 548 ne
732 460 956 545 Wonrnnr

288 647 452 716 Radbodo
484 644 568 712 duci.
611 645 661 710 Ad
691 643 770 710 haee
790 645 948 711 diaconus
968 641 1193 728 obstupescens
1213 639 1277 704 ait:
1324 639 1402 704 Sia
1464 659 1466 664 ·

287 758 355 823 Deo
383 757 469 821 lacta
489 762 565 819 sunt
583 753 661 829 ista,
693 763 848 839 perpetuo
869 761 1039 828 maneant,
1107 769 1181 817 sero
1204 769 1224 814 a
1244 747 1401 825 diabolo,

289 866 355 931 cito
386 863 576 950 dispereant.
619 862 658 927 Et
686 882 761 927 cum
791 862 924 948 signaret
956 882 989 926 se
1008 859 1099 946 signo
1119 868 1250 924 sanctae
1271 856 1402 934 crucis,

290 971 407 1036 duclm
437 969 489 1034 ille
509 967 633 1034 transiit
652 969 686 1032 in
707 966 891 1045 diabolum,
925 979 957 1034 et
977 967 1090 1033 domus
1110 987 1206 1032 aurea
1227 967 1262 1030 in
1284 967 1402 1032 lutum.
1464 987 1466 1010 ³

289 1079 593 1162 Remanserunttpre
623 1075 781 1142 diaconias
812 1086 843 1141 et
873 1075 962 1141 Friso
978 1076 1022 1144 ,in
1043 1072 1150 1140 medio
1171 1074 1320 1138 locorum
1342 1095 1406 1158 pa-

289 1185 447 1263 lustrium,
470 1205 555 1271 quae
574 1185 670 1270 plena
692 1193 781 1250 erant
802 1184 987 1271 longissimis
1008 1183 1146 1269 virgultis
1180 1182 1275 1268 (sire),
1292 1185 1407 1250 ruscis.

201 1323 203 1328 ·
292 1293 354 1376 Qui
376 1292 482 1358 triduo
502 1294 647 1360 immensi
668 1293 789 1358 itineris
809 1293 1020 1360 conficientes
1050 1293 1110 1358 iter
1131 1293 1243 1357 reversi
1263 1302 1338 1356 sunt
1361 1291 1408 1356 ad

292 1401 469 1487 oppidum,
498 1411 529 1466 et
550 1421 654 1486 regem
676 1411 836 1468 mortuum
856 1401 1067 1478 invenerunt,
1103 1409 1403 1486 narraveruntque¹

292 1529 378 1594 quae
397 1508 555 1586 videraut,
579 1507 780 1574 Wullranno.
821 1509 907 1573 Friso
929 1519 1033 1574 autem
1055 1507 1234 1594 baptizalus
1255 1519 1326 1586 est,
1351 1507 1407 1594 qui

292 1615 458 1681 dicebatur
478 1617 670 1701 ingomarus
689 1617 737 1682 rol
758 1616 938 1702 Cuningus3
962 1618 1018 1701 qui
1040 1627 1072 1682 et
1093 1627 1217 1684 secutus
1236 1628 1284 1682 est
1304 1639 1405 1684 sanc·

291 1731 360 1785 tum
380 1721 607 1786 Wulfrannum
628 1723 672 1786 ad
692 1723 918 1788 monasterium
938 1723 1151 1791 Fontanellae.
1182 1725 1246 1791 Sed
1266 1737 1299 1791 et
1322 1727 1405 1792 lilius
1464 1763 1466 1776 ·

291 1828 445 1897 Radbodi
474 1829 554 1916 regis
583 1828 686 1894 subita
714 1830 812 1914 patris
841 1841 942 1894 morte
972 1831 1111 1909 territus,
1133 1850 1324 1899 conversus
1355 1845 1405 1900 est

264 2026 266 2032 Α
292 1946 325 2003 et
345 1937 542 2022 baptizatus.
569 1946 666 2024 atque
685 1938 720 2002 in
742 1937 821 2002 albis
841 1936 947 2003 adhuc
968 1939 1088 2023 positus
1109 1941 1288 2025 exspiravit.
1332 1943 1402 2009 Fuit

293 2055 400 2110 autem
419 2055 550 2112 sanctus
562 2045 768 2112 wulfrannus
788 2044 955 2131 episcopus
975 2047 1064 2132 apud
1087 2048 1198 2113 Frisios
1218 2071 1277 2134 per
1298 2070 1417 2116 annos·

292 2154 452 2241 quinque,
474 2165 506 2219 et
525 2165 636 2238 postea
655 2175 792 2221 serenus
813 2153 854 2220 ad
876 2154 1075 2220 Fontanellae
1095 2159 1342 2237 monasterium,
1369 2160 1402 2223 in

292 2283 360 2346 quo
381 2263 459 2328 obiit
478 2264 571 2328 tertio
593 2262 745 2328 calendas
764 2262 878 2345 Aprilis
896 2281 985 2327 anno
1006 2263 1132 2328 Domini
1154 2265 1264 2353 viiqxx.

325 2720 476 2782 nomo
493 2719 682 2781 Radbodo
700 2733 813 2793 rege,
833 2722 973 2785 nectus
991 2725 1266 2787 wssntrorrtus
1285 2739 1380 2786 cm
1464 2695 1466 2766 Ῑ

596 2817 678 2873 suls
695 2814 823 2873 libere
841 2817 1100 2887 emonensis.

777 3017 866 3083 clu.
887 3018 942 3085 XI.

333 3232 458 3295 Mortuo
490 3231 655 3298 Radbodo
685 3253 757 3321 rege
795 3234 975 3312 Frisonum,
1018 3235 1114 3302 libere
1152 3237 1291 3322 permissi
1323 3253 1400 3307 sunt

289 3339 522 3425 praedicatores
537 3341 659 3420 sancti,
677 3340 796 3427 ubique
816 3363 873 3426 per
883 3343 1011 3408 Frisium
1033 3354 1179 3428 patenter
1197 3349 1398 3434 evangelium

289 3447 400 3516 Christi
420 3447 616 3534 praedicare.
648 3449 851 3535 Quapropter
872 3454 974 3518 sancti
994 3452 1217 3520 Willibrordus
1237 3465 1268 3519 et
1289 3457 1399 3524 Swid·

289 3558 395 3624 bertus
425 3558 565 3643 episcopi
594 3579 670 3623 cum
702 3559 832 3624 caeteris
861 3559 1078 3626 sacerdotibus
1111 3572 1143 3626 et
1174 3564 1295 3630 clericis
1327 3565 1396 3629 Fri·

289 3668 368 3730 siam
398 3677 430 3731 et
461 3666 662 3731 Hollandiam
693 3664 811 3752 ubique
839 3679 1069 3754 pervagantes,
1099 3670 1211 3736 rudem
1237 3674 1396 3758 populum

288 3773 490 3839 documentis
508 3775 696 3860 evangelicis
715 3775 983 3853 informaverunt,
1015 3777 1261 3846 cathecumenos
1286 3783 1394 3870 bapti·

288 3893 460 3959 naverunt,
494 3882 671 3970 neophytos
703 3884 994 3964 confirmaverunt,
1026 3907 1131 3952 sacrm
1152 3889 1281 3956 ordines
1312 3894 1394 3958 celc-
1464 3887 1466 3892 ’

287 3992 476 4066 oraverunt,
510 4012 549 4056 oc
569 3991 605 4055 in
625 3992 715 4078 pagis
734 3993 862 4080 singulis
882 3995 1076 4080 evangelium
1095 3997 1186 4080 pacis
1207 4011 1394 4066 constanter
1464 4035 1466 4042 ·

288 4101 570 4184 praedicaverunt,
602 4111 699 4186 atque
729 4121 786 4184 per
816 4102 888 4167 loca
909 4101 1030 4188 singula
1051 4104 1249 4192 presbyteros
1269 4118 1301 4173 et
1324 4109 1394 4174 dia·

289 4227 391 4273 conos
429 4209 672 4285 ordinaverunt,
719 4211 774 4296 qui
817 4230 869 4276 eos
911 4210 1007 4278 verbo
1047 4213 1123 4280 fidei
1154 4224 1185 4280 et
1218 4215 1394 4284 ministerio
