2950 5144
300 471 343 534 22
743 460 967 526 Wonrnnr

300 655 384 722 qsrae
412 635 442 697 ei
463 629 643 697 nuntianda
663 628 910 706 commiserant,
943 645 1093 694 necnon
1113 634 1197 690 et-se
1218 645 1238 688 a
1257 625 1329 692 tiro
1348 641 1412 691 tuo

300 741 484 827 concepisse
512 739 577 825 regi
607 737 769 805 indicavit.
813 737 876 820 Qui
906 735 1035 803 audiens
1064 735 1207 798 Frisones
1225 731 1283 798 s‘bi
1305 732 1412 800 rebel·

300 853 404 916 lantes
424 858 459 914 et
475 848 613 914 iudicem
632 869 725 912 snum
745 845 913 912 crudeliter
934 843 1039 910 abeis
1059 843 1301 926 interemptum,
1324 863 1412 908 con·

301 968 457 1024 nanetus
486 966 532 1022 est
550 956 670 1042 pariter
690 965 721 1022 et
741 954 839 1019 iratus
859 952 969 1032 raidc;
1000 961 1032 1018 et
1052 950 1241 1018 convocatis
1259 949 1414 1016 ommbus
1463 945 1464 948 '

301 1066 390 1152 regni
419 1065 465 1130 sui
495 1062 693 1150 principibus
720 1072 751 1128 et
772 1060 958 1130 consiliariis
978 1060 1121 1126 narmsit
1140 1059 1184 1124 cis
1202 1057 1414 1126 rebellionem

301 1173 469 1240 Frisonum
488 1183 520 1238 et
540 1182 676 1236 mortem
696 1169 799 1236 mariti
819 1170 934 1235 sororis
953 1189 1029 1234 aree
1047 1169 1112 1232 iam
1133 1167 1297 1253 pavidae,
1310 1187 1414 1254 quem

301 1280 483 1348 Frisouihus
501 1280 705 1366 praefecerat,
720 1289 751 1344 et
772 1279 864 1364 quod
883 1276 990 1344 salida
1011 1295 1112 1340 manu
1131 1275 1270 1340 docrevit
1289 1275 1416 1340 intrare
1447 1315 1449 1320 ·

301 1391 451 1466 Frisium,
483 1398 581 1474 atque
601 1387 758 1452 ultionem
777 1386 819 1450 de
840 1387 883 1450 eis
902 1405 1024 1450 samem
1044 1384 1267 1471 condignam.
1291 1403 1415 1484 eosque

303 1498 412 1563 denuo
449 1516 524 1561 strae
566 1493 719 1560 subiicere
750 1493 901 1562 servituti.
955 1493 1058 1576 Quem
1090 1492 1246 1578 sapientes
1275 1491 1345 1558 eius
1379 1503 1409 1556 et

301 1604 465 1692 principes
496 1625 516 1668 a
546 1603 713 1688 proposito
744 1610 920 1670 avertentes
952 1601 1197 1676 constituerunt,
1243 1599 1349 1666 Frisiis
1379 1601 1414 1664 in

300 1713 479 1800 praesentia
519 1713 650 1777 minime
690 1711 808 1777 bellum
848 1711 1068 1787 inferendum,
1113 1719 1226 1796 utpote
1270 1709 1417 1776 accensis

302 1841 389 1886 nunc
417 1820 528 1884 anisnis
555 1840 618 1905 pro
649 1819 792 1884 libertate
813 1838 854 1884 ac
884 1818 977 1884 rebus
997 1819 1141 1894 tuendis,
1164 1827 1196 1883 et
1216 1838 1365 1905 pugnare
1386 1829 1416 1884 et

302 1931 385 1995 mori
416 1930 558 2015 paratis,
582 1928 638 1992 sed
659 1927 747 1992 aliud
765 1929 871 2013 potius
891 1949 931 1992 ac
952 1928 1050 2012 magis
1070 1936 1263 2012 oportunum
1284 1947 1417 2013 exspec-

304 2037 439 2104 tandum
470 2048 592 2123 tempus
623 2036 666 2102 ad
699 2035 762 2101 hoc
795 2045 861 2102 tam
893 2035 1029 2102 arduum
1051 2045 1180 2120 temque
1200 2035 1416 2122 periculosum

303 2147 535 2234 perficiendum
567 2146 740 2231 negotium.
790 2145 936 2227 Quorum
967 2143 1105 2210 consiliis
1135 2145 1342 2229 acquiescens
1364 2165 1417 2210 rer

305 2257 436 2324 cenavit
470 2255 511 2320 ab
542 2257 687 2339 incepto.
741 2253 817 2317 Post
848 2252 929 2318 haec
959 2251 1085 2337 expleto
1115 2262 1261 2338 tempore
1292 2252 1417 2338 peperit

304 2383 395 2429 soror
415 2361 509 2446 regis.
541 2380 622 2426 uxor
637 2357 758 2446 judicis
777 2359 955 2437 Frisonum,
989 2360 1090 2424 filium
1110 2362 1260 2446 elegantis
1279 2361 1415 2428 formae.

295 2470 404 2553 'Quod
433 2489 508 2534 cum
528 2466 629 2533 Frisiis
648 2469 950 2558 nuntiatumessct,
983 2489 1054 2533 non
1086 2467 1213 2534 defuere
1232 2469 1318 2534 inter
1340 2490 1416 2545 eos.

305 2580 361 2664 qui
382 2576 592 2644 vaticinando
611 2578 847 2664 praedicerent,
879 2597 937 2662 par
957 2577 1041 2644 hunc
1063 2599 1174 2642 ornnes
1195 2579 1309 2644 Frisios
1327 2581 1418 2665 gravi

304 2687 457 2752 servitutis
493 2687 568 2772 iugo
598 2687 667 2752 iore
700 2685 937 2771 opprimendos.
982 2685 1148 2752 Crescebat
1169 2687 1264 2771 igitur
1283 2709 1368 2772 puer
1388 2699 1419 2754 et

304 2813 417 2860 omnes
436 2804 626 2861 coaetaneos
644 2817 718 2861 suos
738 2795 844 2861 animo
865 2806 896 2860 et
917 2794 1098 2860 fortitudine
1118 2792 1297 2880 superabat.
1332 2797 1417 2864 Fac·

304 2913 373 2968 tum
404 2912 450 2968 est
482 2923 559 2986 ergo
579 2904 696 2988 quinto
716 2904 843 2969 decimo
874 2904 983 2970 aetatis
1014 2925 1092 2968 strae
1119 2925 1233 2981 anno,
1263 2914 1301 2970 ut
1333 2907 1416 2972 nulii
1468 2923 1470 2926 ·

304 3011 399 3074 etiarn
420 3008 585 3073 fortissimo
604 3009 670 3076 viro
691 3031 895 3098 quacumque
915 3011 951 3076 in
972 3013 1143 3102 pugnandi
1162 3021 1229 3078 arte
1248 3021 1279 3076 et
1299 3015 1419 3080 virtute

303 3116 499 3183 inveniretur
517 3116 659 3184 interior.
692 3117 797 3200 Quam
816 3118 860 3184 ob
881 3141 1007 3186 cauom
1029 3121 1134 3186 multis
1154 3135 1222 3186 erat
1242 3123 1417 3202 molestus,

303 3245 397 3290 nunc
438 3225 545 3302 hunc,
588 3247 679 3292 nunc
721 3228 807 3292 illum
849 3229 918 3295 sola
957 3230 1085 3296 dextera
1117 3250 1217 3294 manu
1245 3253 1285 3295 ex
1322 3243 1419 3316 petu-

303 3334 406 3400 lantia
447 3332 545 3420 (quae
585 3334 700 3400 talibus
739 3337 841 3403 inesse
883 3338 977 3422 solet)
1034 3338 1122 3402 humi
1165 3342 1416 3424 prosternendo.

303 3442 374 3508 Hoc
403 3462 478 3508 cum
499 3441 637 3507 crebrius
657 3443 797 3520 iaceret.
829 3447 984 3530 contigit,
1018 3457 1052 3509 ut
1073 3448 1208 3532 quidam
1230 3449 1417 3514 adolescens

303 3571 341 3617 ex
374 3553 557 3619 coaetaneis
587 3552 669 3629 stris,
702 3575 799 3640 quem
830 3555 914 3621 forte
947 3556 1147 3634 offenderat,
1192 3578 1265 3622 non
1299 3557 1417 3622 diutius

302 3659 379 3724 talia
407 3659 529 3737 ferens,
560 3663 785 3748 improperavit
815 3664 859 3731 illi
889 3665 1017 3730 dicens:
1063 3665 1150 3749 Quid
1182 3665 1315 3752 (inquit)
1348 3667 1416 3752 glo·

302 3767 417 3832 riando
446 3769 482 3834 in
502 3770 689 3851 fortitudine
709 3783 764 3837 tua
786 3793 846 3837 nos
866 3774 1044 3858 inquietas,
1078 3785 1110 3840 et
1131 3796 1164 3841 es
1184 3796 1359 3856 onerosus3
1391 3775 1414 3839 si

303 3884 349 3942 est
370 3874 426 3942 tibi
447 3878 585 3956 animus,
607 3880 631 3944 si
653 3880 825 3960 tortitudo,
847 3881 928 3947 vade
948 3892 979 3948 et
1000 3882 1150 3950 ulcucerc
1166 3893 1290 3969 patrem
1312 3873 1413 3958 luunt,

303 4006 400 4071 quem
443 3987 528 4051 Frisii
568 3997 736 4072 amputato
766 3989 872 4075 capite
902 3992 1108 4076 proiecerunt
1143 3993 1179 4057 in
1212 3993 1415 4078 protundum

303 4093 408 4160 maris.
450 4094 524 4177 Quo
546 4095 656 4161 audito
679 4097 839 4184 obstupuit
861 4099 1062 4178 adolescens.
1097 4111 1129 4167 et
1150 4102 1284 4168 domino
1307 4102 1414 4189 capite

192 4273 194 4277 v
303 4198 483 4286 roboraque
512 4206 653 4287 pertusus
682 4205 850 4274 obmutuit.
897 4207 935 4272 lit
966 4209 1012 4276 sic
1033 4210 1208 4290 attonitus,
1240 4221 1342 4296 atque
1363 4211 1413 4276 fu·
