2950 5144
275 465 299 529 b
708 457 931 530 WORPlt'RI

273 631 402 717 plenam
432 631 539 696 vicino
571 631 755 696 convivanti
787 651 826 697 ex
856 651 946 699 more
977 630 1129 707 trudant,
1158 628 1195 692 id
1224 647 1296 694 non
1320 628 1389 693 nisi

274 739 356 802 datis
390 737 524 816 dextris,
560 741 787 826 cuiuscumque
814 739 914 805 ‘etiam
948 736 1163 815 conditionis,
1195 743 1293 801 status
1326 745 1387 802 aut

274 868 364 912 sexus
393 847 532 924 inerint,
575 847 729 914 efficiant.
785 847 824 912 Et
854 849 878 912 si
910 866 1069 934 personae
1100 845 1279 919 dissimiles,
1325 855 1386 909 aut

274 967 428 1044 utraeque
459 957 586 1024 feminei
615 978 705 1023 sexus
732 957 848 1023 brarint
881 957 994 1024 addito
1014 956 1124 1022 osculo
1143 955 1178 1020 id
1197 953 1386 1040 perficiant.

274 1065 342 1131 Nec
373 1066 407 1129 id
438 1067 653 1132 verecundum
686 1076 731 1130 cst
760 1065 849 1150 apud
879 1067 970 1141 illos,
1002 1084 1108 1151 neque
1137 1061 1274 1146 mspicio
1305 1061 1386 1126 inda

245 1174 363 1248 ‘mali,
400 1183 456 1237 aut
484 1174 670 1239 scandalum
690 1171 847 1251 exoritur,
881 1193 982 1259 quum
1003 1172 1036 1238 id
1057 1179 1243 1238 concretum
1264 1169 1301 1233 sit
1323 1169 1385 1234 illis

273 1281 310 1344 in
330 1301 534 1368 quacumque
554 1282 750 1368 frequentia,
775 1289 831 1344 ant
853 1281 1018 1346 bominum
1038 1277 1243 1344 multitudine
1261 1277 1381 1342 facere.

272 1388 312 1453 Εἰ
332 1410 399 1454 non
419 1391 521 1454 solum
542 1391 576 1453 in
599 1389 753 1456 conviviis
771 1389 805 1452 id
826 1391 985 1466 actitant⁷
1008 1407 1117 1453 rerum
1138 1385 1278 1450 etiamsi
1299 1384 1383 1447 ami·

273 1516 351 1572 cus,
384 1497 526 1574 vicinus,
560 1506 614 1560 aut
635 1489 738 1582 quiris
759 1496 857 1570 alius,
891 1507 986 1562 notus
1005 1505 1138 1569 tamen,
1157 1501 1242 1578 ⁴post
1261 1513 1382 1578 quam·

273 1622 413 1690 cumque
433 1624 570 1671 resersus
588 1603 681 1669 fuerit
701 1602 888 1680 absentiam,
911 1623 983 1669 non
1004 1603 1103 1668 modo
1124 1619 1205 1668 uxor
1225 1610 1280 1667 aut
1299 1621 1383 1687 cog·

272 1721 390 1788 natae,
423 1713 478 1777 sed
498 1723 530 1777 et
550 1733 634 1798 quae
654 1712 817 1778 hominem
837 1720 963 1778 tantum
982 1721 1161 1789 noverunt,
1194 1719 1266 1796 post
1286 1712 1384 1776 datas

274 1819 418 1885 dexteras
447 1821 512 1884 eius
534 1829 721 1906 strngentes
743 1821 862 1885 collum
883 1820 1128 1885 osculabundae
1147 1821 1294 1886 salutant.
1338 1821 1380 1885 Et

272 1928 333 2012 ipsi
351 1927 483 2013 quidem
504 1929 643 2005 externi,
677 1929 734 2016 qui
754 1930 830 1994 alias
850 1929 937 1996 banc
959 1929 1062 1996 ridere
1082 1931 1185 1994 solent
1206 1939 1380 1994 consuetu·

274 2034 403 2114 dinem,
426 2047 530 2102 tamen
551 2056 652 2122 quum
674 2037 718 2100 ad
738 2037 867 2102 Frisium
887 2059 926 2102 ex
946 2057 1044 2103 causa
1065 2037 1231 2114 venerint,
1263 2035 1382 2120 cupide

273 2145 365 2229 (quia
395 2144 477 2209 forte
508 2143 659 2230 delectat)
689 2145 863 2213 imitantur.
906 2146 1070 2213 Caeterum
1102 2147 1143 2211 de
1173 2145 1269 2210 laude
1289 2144 1383 2208 buius
1474 2202 1475 2213 ,

272 2254 374 2338 gentis
394 2253 484 2318 multi
505 2253 708 2317 laudatissimi
728 2255 785 2320 riri
806 2255 905 2317 multa
926 2255 1090 2339 scripsere,
1111 2275 1252 2341 quorum
1273 2274 1379 2338 pauca

273 2359 318 2425 ad
338 2379 450 2424 manus
469 2369 593 2424 nostras
613 2370 776 2426 venerunt.
808 2361 899 2425 Inter
919 2383 1001 2448 quor
1024 2384 1080 2439 ea.
1104 2385 1190 2451 quae
1210 2362 1380 2428 Bartholo-

273 2487 362 2532 meus
380 2467 547 2552 lugbeus,
559 2476 591 2532 et
610 2476 682 2551 post
702 2488 775 2532 eum
785 2469 906 2532 Aeneas
925 2468 1044 2549 Silvius,
1057 2471 1114 2556 qui
1134 2481 1245 2554 postea
1261 2471 1381 2555 adepto

273 2583 397 2659 papatu
417 2575 519 2641 dictus
540 2585 585 2639 est
594 2574 667 2640 Pius
676 2594 762 2659 papa
773 2575 949 2655 secundus,
961 2579 1094 2664 posteris
1104 2581 1313 2666 reliquerunt,
1326 2579 1381 2644 bio

274 2682 472 2748 subnectam.
514 2683 567 2748 Est
588 2690 692 2748 autem
715 2681 848 2770 (inquit)
869 2706 948 2770 gens
965 2685 1133 2752 Friscnnm
1152 2689 1259 2761 ferox,
1284 2689 1382 2752 armis

275 2793 459 2868 exercitata,
493 2789 611 2856 robusti
643 2801 673 2854 et
705 2792 831 2875 proceri
859 2795 1023 2879 corporis,
1056 2795 1155 2861 securi
1175 2804 1206 2858 et
1226 2793 1380 2878 intrepidi

276 2904 387 2967 animi,
429 2899 511 2966 Gens
531 2897 644 2974 libera,
680 2899 741 2961 suis
761 2908 854 2964 utens
873 2901 1029 2980 moribus,
1052 2903 1163 2968 exteris
1183 2886 1246 2965 nec
1266 2919 1380 2986 parere

275 3009 423 3084 sustinet,
446 3029 506 3072 nec
527 3007 683 3072 dominari
705 3009 803 3092 cupit.
844 3009 990 3076 Martiae
1010 3010 1138 3096 exponit
1158 3010 1263 3094 gratia
1281 3007 1377 3071 libar-

275 3116 368 3193 tatis,
400 3115 568 3202 potiusque
600 3123 734 3180 mortem
756 3115 854 3202 diligit
875 3137 977 3203 quam
996 3119 1071 3205 iugo
1091 3118 1229 3203 opprimi
1250 3115 1379 3182 servitu·

276 3225 325 3291 tis.
367 3223 445 3288 Ideo
467 3224 630 3308 dignitates
660 3221 809 3288 abnuunt
829 3223 992 3301 militares,
1017 3247 1080 3291 nec
1100 3226 1224 3312 aliquos
1242 3226 1326 3288 inter
1345 3244 1380 3288 se

277 3333 353 3418 erigi
383 3333 422 3397 inv
456 3331 586 3395 sublime
617 3332 803 3416 permittunt
833 3329 892 3396 sub
922 3331 1051 3396 militiae
1081 3333 1183 3398 titulo.
1238 3331 1378 3396 Subsunt

278 3451 386 3507 tamen
419 3440 598 3515 iudicibus,
629 3459 712 3525 quos
742 3440 908 3505 annuatim
940 3439 981 3505 de
1000 3459 1033 3504 sc
1053 3441 1126 3525 ipsis
1147 3441 1287 3525 eligunt,
1321 3441 1378 3526 qui

277 3549 505 3636 rempublicam
527 3567 632 3635 aequo
652 3546 720 3612 iure
741 3546 929 3632 disponunt.
976 3545 1038 3614 Viri
1059 3549 1123 3614 fere
1144 3569 1255 3614 omnes
1275 3548 1377 3613 circu·

278 3660 383 3724 lariter
412 3658 449 3722 in
481 3675 575 3722 corna
606 3665 680 3720 sunt
701 3656 838 3731 attonsi,
866 3655 923 3741 qui
943 3666 1071 3741 quanto
1091 3667 1167 3721 sunt
1188 3655 1376 3732 nobiliores,

277 3775 372 3830 tanto
392 3764 483 3830 altius
502 3761 748 3828 circumtunderi
767 3761 929 3847 gloriosius
950 3761 1155 3830 arbitrantur,
1199 3764 1378 3830 castitatem

277 3875 413 3942 multum
443 3873 568 3949 selant.
602 3881 634 3936 et
663 3869 851 3935 seminarum
882 3869 1110 3957 impudicitiam
1131 3873 1263 3938 severius
1282 3874 1377 3959 puni·

278 3994 351 4051 mr.
396 3981 488 4047 Filios
520 3999 591 4045 suos
611 3989 644 4044 et
662 3979 743 4045 filias
763 3998 863 4064 usquo
884 3979 927 4044 ad
948 3981 1143 4066 completum
1163 3981 1229 4045 fere
1256 3981 1377 4046 adoles·

280 4095 404 4160 centiae
426 4091 596 4156 terminum
616 4096 720 4154 castos
740 4100 876 4156 serrant.
919 4089 966 4155 lla
986 4108 1054 4175 quo
1075 4088 1253 4172 contingit,
1288 4088 1376 4176 quod

279 4212 359 4266 tunc
389 4201 536 4285 temporis
568 4199 662 4265 datae
694 4199 809 4284 nuptui
839 4199 979 4284 ipsorum
1001 4195 1124 4265 soboles
1142 4197 1265 4284 prolem
1288 4217 1375 4265 eom·
