2950 5144
263 466 306 533 74
729 460 952 527 Wortpn'ffl

298 658 358 714 lte
377 652 619 711 incensione
635 651 741 708 tritor
759 651 983 722 episcopan
1002 651 1273 712 coloniensem
1292 653 1340 709 et

349 746 635 806 metensem
658 744 708 800 de
725 745 1068 818 archiepiscopum
1085 747 1284 806 ecelertne

678 838 957 900 praeostensae.

723 1011 812 1079 CAP.
835 1015 920 1084 xlx.

308 1187 355 1250 Eo
387 1166 527 1266 tempore
560 1199 628 1265 quo
649 1178 845 1244 beatissimus
868 1181 1050 1248 Bonifacius
1071 1182 1262 1248 Traiectensi
1282 1203 1385 1267 prae·

266 1297 326 1361 luit
347 1293 515 1359 eeclesiae.
551 1297 621 1352 orta
651 1298 696 1352 est
728 1288 879 1354 dissensio
899 1291 982 1357 inter
1003 1291 1226 1359 coloniensem
1246 1300 1278 1354 et
1298 1289 1383 1354 Tra·

268 1407 434 1470 iectensenr
453 1399 612 1465 ecclesias.
641 1398 722 1462 Nam
744 1399 998 1486 archiepiscopus
1010 1400 1202 1468 Coloniensis
1219 1398 1385 1466 asserebat

269 1515 499 1577 Traiectensem
519 1507 683 1572 ecelesiam
717 1507 760 1571 ad
792 1527 881 1571 suurn
914 1519 1057 1594 spectare
1077 1511 1380 1596 metropolitanum,

270 1619 444 1686 donatione
475 1614 644 1701 Dagoberti
675 1616 754 1703 regis
785 1616 998 1696 Francorum,
1033 1619 1090 1704 qui
1125 1639 1216 1683 anno
1249 1620 1382 1686 Domini

270 1728 368 1822 rifrla
386 1727 422 1790 in
443 1725 587 1788 Treiecto
608 1726 772 1790 ecelesiam
793 1725 828 1789 in
850 1725 973 1792 honore
993 1729 1096 1793 saneti
1118 1726 1260 1792 'rhomae
1282 1750 1382 1812 apos-

272 1839 327 1904 toli
360 1836 408 1920 (ut
439 1853 533 1918 snpra
563 1833 597 1895 in
630 1832 731 1916 prima
764 1841 855 1916 parte
883 1835 994 1900 ultimo
1016 1836 1156 1921 capitulo
1177 1836 1295 1902 dictum
1315 1839 1379 1920 est)

273 1943 469 2020 aedificarit,
504 1951 536 2005 et
565 1941 651 2005 illam
672 1941 837 2006 ecclesiam
858 1942 1036 2008 Coloniensi
1058 1945 1209 2031 episcopo
1231 1945 1379 2010 contulit.

272 2057 436 2120 Eeontra
471 2058 602 2115 sanctus
623 2049 806 2114 Bonilacins
827 2051 994 2137 episcopus
1015 2053 1195 2120 affirmabat
1215 2056 1383 2121 ecclesiam

273 2182 362 2228 suam
379 2158 421 2224 ad
442 2159 548 2223 sedem
569 2157 776 2242 apostolicam
797 2160 970 2242 pertinere,
988 2181 1028 2226 eo
1049 2161 1140 2248 quod
1161 2164 1286 2248 Sergius
1296 2185 1382 2249 papa

274 2280 421 2336 sanctum
452 2262 691 2333 willibrordum
730 2267 870 2351 primum
912 2269 1184 2357 archiepiscopum
1215 2273 1382 2338 Frisonum

275 2375 482 2450 consecrarit,
497 2383 528 2436 et
549 2371 593 2435 ad
613 2371 757 2438 Frisones
778 2377 1013 2444 convertendos
1033 2380 1113 2444 misit
1124 2386 1134 2460 ,’
1146 2382 1237 2468 quod
1259 2381 1383 2448 erfida·

274 2488 344 2551 liter
374 2503 470 2566 opere
491 2480 678 2564 complevit,
710 2491 807 2567 atque
828 2482 871 2548 ab
892 2485 1001 2553 illustri
1020 2489 1166 2574 principe
1186 2490 1320 2576 Pippino
1340 2490 1382 2556 de

273 2591 430 2658 Harstallc
459 2609 498 2654 ex
527 2588 623 2673 regali
643 2588 816 2656 donatione
838 2592 996 2662 civitatem
1017 2595 1246 2666 Traiectenaem
1267 2621 1328 2683 pro
1349 2620 1383 2663 se

273 2714 305 2768 et
325 2701 386 2766 suis
406 2695 635 2764 successoribus
656 2697 845 2782 impetrarit.
884 2700 1001 2770 vernn
1021 2706 1151 2790 quidem
1170 2727 1235 2776 case
1254 2709 1383 2773 Traiec-

275 2823 394 2878 tensem
415 2807 580 2873 ecclesiam
612 2826 716 2890 nuper
748 2802 767 2870 a
799 2807 980 2892 Dagoberto
1012 2833 1085 2900 rege
1113 2816 1262 2900 episcopo
1282 2815 1382 2880 Colo·

275 2921 377 2985 niensi
397 2917 530 2990 datam,
552 2912 606 2976 sed
627 2932 664 2975 ea
688 2913 899 2992 conditione,
924 2927 961 2980 ut
979 2930 1107 3005 gentem
1129 2923 1323 2990 Frisonicam
1337 2927 1380 2990 ad

274 3029 373 3093 fidem
404 3021 514 3088 Christi
546 3021 611 3105 ipsa
642 3030 858 3100 converteret,
898 3026 988 3110 quod
1020 3030 1142 3096 minine
1172 3032 1257 3097 lecit.
1309 3033 1380 3097 lrno

273 3134 381 3222 potius
411 3130 556 3194 Frisones
585 3129 686 3213 ipram
718 3130 883 3196 ecclesiam
902 3134 1047 3202 funditus
1068 3140 1300 3208 destruxerunt.
1341 3142 1379 3206 Et

274 3243 349 3307 ideo
390 3239 467 3324 quia
505 3237 746 3314 conditionem,
780 3259 799 3302 a
830 3261 903 3327 rege
935 3245 1090 3311 adiectam
1124 3269 1195 3313 non
1227 3251 1374 3328 servarit,

275 3350 483 3416 donationem
504 3345 589 3410 illam
612 3345 728 3432 regiam
750 3347 922 3413 invalidam
944 3372 1018 3419 esse.
1063 3357 1160 3422 liuius
1180 3357 1377 3424 dissensionis

274 3479 370 3526 eausa
401 3457 504 3520 literas
535 3453 655 3539 scripsit
675 3465 805 3520 sanctus
826 3455 1009 3526 Bonilacius
1031 3465 1072 3528 ad
1093 3463 1290 3552 Stephanum
1310 3467 1378 3532 Rc·

275 3587 441 3635 manorum
461 3561 643 3650 pontificem
665 3561 752 3630 hunc
773 3563 904 3630 modum
926 3572 1138 3640 continentes.

641 3823 806 3867 EXUPLAR
827 3825 1004 3877 EPISTOLAB·

317 3995 485 4086 Diligendo
504 3993 651 4070 Domino,
675 3997 868 4081 apostolatus
889 4003 1069 4092 privilegio,
1090 4008 1253 4095 Stephano
1276 4035 1373 4099 papae

275 4107 460 4173 Bonilacias
480 4105 600 4189 legatas
620 4104 827 4171 Germanicas
847 4119 877 4174 at
900 4115 1093 4196 apostolicae
1113 4120 1265 4188 ecclesias
1286 4133 1372 4208 opta·
1469 4189 1470 4206 ἢ

273 4215 368 4280 bilem
388 4214 420 4280 in
441 4213 551 4280 Christi
573 4213 726 4278 charitate
746 4217 890 4286 salutem.
