2950 5144
460 497 709 570 canonicos.
1111 507 1152 573 13

39 672 135 760 quasi
168 669 210 734 ad
242 668 404 754 dietas(†)
437 670 517 734 duas
545 673 580 734 in
614 671 744 756 tongum
768 682 798 736 et
820 691 918 736 unam
940 674 1030 758 queri
1051 676 1083 738 in
1107 677 1154 740 ia·

39 791 122 845 tum.
155 777 225 840 Fuit
250 796 391 863 namque
412 787 491 843 tunc
512 788 593 843 terre
614 779 777 843 istoraide
797 799 931 866 aquosa,
955 781 1149 864 peiudinose.

39 888 136 951 etita
159 895 227 949 tam
249 893 380 970 propter
399 885 516 951 fluctus
537 896 567 950 et
588 886 816 953 inundationes
837 890 1021 964 maritimas,
1053 911 1151 976 quam

39 1000 220 1080 piratarum
249 993 442 1056 incursiones
472 994 670 1078 periculosa,
704 1006 738 1059 ut
770 1017 838 1081 sper
869 997 954 1061 uuita
988 996 1153 1062 ridebatur

40 1123 133 1188 posse
163 1101 209 1164 ibi
240 1099 384 1164 homines
414 1103 626 1177 commorari,
659 1111 690 1166 et
721 1105 902 1187 praesertim
934 1113 1064 1188 propter
1096 1103 1154 1168 fri·

43 1232 99 1297 gua
126 1211 288 1274 intensum
317 1207 419 1274 flante
450 1208 550 1273 Borea
583 1208 696 1274 crebro
727 1211 762 1272 in
795 1211 873 1275 iocis
902 1210 967 1276 iliis.
1012 1210 1074 1276 Sed
1105 1213 1153 1274 uti

44 1323 108 1382 iam
130 1319 252 1382 dictum
274 1325 320 1379 est
341 1315 381 1380 de
402 1314 630 1390 Switensibus,
664 1317 709 1380 sic
739 1326 769 1379 et
792 1316 833 1378 de
853 1317 915 1378 istis
936 1327 1064 1384 constat
1083 1320 1153 1383 fae·

46 1438 131 1496 tum.
171 1423 328 1506 Quoniam
351 1444 442 1487 amor
461 1414 544 1489 vitae
564 1433 595 1488 et
617 1423 708 1488 isbor
729 1423 891 1509 improbus
912 1424 1020 1487 omnia
1042 1425 1151 1489 vincit.

47 1531 143 1596 Unde
172 1532 262 1597 sactis
291 1530 456 1619 aggeribus
488 1542 604 1597 contre
634 1531 750 1597 fluctus
779 1530 970 1606 maritimos,
1002 1542 1033 1596 et
1064 1532 1153 1598 fossis

45 1637 189 1726 piuribus
222 1638 378 1725 adaptatis
410 1639 453 1702 ad
473 1637 701 1704 exsiccandum
721 1640 854 1712 sulcos.
885 1650 1059 1723 coeperunt
1080 1642 1152 1706 ani-

47 1769 134 1812 mum
178 1747 295 1834 erigere
334 1759 365 1812 et
406 1746 610 1812 confidenter
640 1746 815 1832 procedere
846 1746 953 1813 donec
985 1748 1152 1814 miserante

49 1858 182 1921 domino
213 1877 300 1920 mare
330 1865 567 1939 compescerent
596 1866 628 1919 et
650 1865 764 1920 terram
785 1856 847 1919 suis
867 1855 971 1920 usibus
993 1868 1151 1940 aptarent.

49 1967 138 2030 Dicte
170 1974 215 2028 est
237 1971 341 2028 eutem
372 1973 454 2027 terra
475 1961 554 2028 haec
575 1961 725 2048 deinceps
747 1965 875 2050 vulgato
895 1965 1028 2030 nomine
1047 1965 1152 2030 Frisie.

49 2074 137 2139 Haec
159 2081 270 2138 auctor
289 2093 383 2155 supra
405 2070 508 2135 dictus
529 2071 563 2133 iu
584 2071 688 2134 forme
707 2071 896 2147 verborum,
918 2072 1023 2136 multis
1044 2082 1151 2138 tamen

49 2203 145 2247 causa
177 2180 335 2245 brevitatis
367 2179 466 2266 (quae
499 2177 542 2242 ad
574 2199 641 2242 rem
671 2198 742 2241 non
775 2176 990 2263 pertinebant)
1012 2191 1153 2262 praeter-

49 2291 155 2354 missis.
202 2289 294 2355 Nunc
324 2289 418 2375 igitur
448 2287 558 2372 paucis
587 2285 661 2351 huic
691 2286 840 2371 opinioni
861 2295 916 2349 aut
937 2285 1035 2370 magis
1054 2287 1152 2350 errori

49 2396 310 2484 respondendum
339 2408 394 2460 est.
449 2396 498 2460 An
529 2404 632 2458 autem
664 2415 756 2479 saepe
788 2394 891 2459 dictus
924 2391 1080 2459 Reinerus
1112 2393 1153 2459 de

49 2504 229 2571 huiusmodi
262 2504 384 2589 origine
413 2502 579 2568 Frisonum
609 2503 727 2586 primus
759 2504 851 2567 suerit
872 2511 985 2568 auctor
1008 2503 1096 2589 (quia
1117 2513 1152 2567 ut

51 2617 181 2700 ipsemet
207 2614 324 2679 fatetur
353 2611 471 2696 partim
504 2609 613 2675 audita
645 2609 799 2694 scripsit),
831 2622 861 2676 et
883 2611 935 2676 alii
954 2611 1032 2675 inde
1053 2613 1154 2696 scrip·

1 2729 2 2804 t
50 2735 137 2788 tores
165 2723 268 2806 ipsum
299 2721 363 2783 sint
393 2720 538 2804 sequuti,
573 2737 616 2782 an
649 2737 727 2782 vero
745 2718 810 2800 ipse
832 2716 894 2781 hoc
914 2718 1048 2802 legendo
1070 2718 1155 2782 didi·

51 2832 148 2908 cerit,
171 2841 203 2894 et
224 2831 268 2894 sic
289 2827 367 2892 aiios
386 2827 425 2890 sit
445 2833 611 2911 sequutus,
644 2825 798 2889 incertum
818 2823 932 2892 habeo.
975 2825 1154 2910 Utcumque

50 2940 110 3016 sit,
134 2945 260 3002 constat
281 2945 387 3000 temen
407 2934 496 2998 hanc
518 2933 704 3021 opinionem
725 2953 789 2998 esse
810 2932 929 2998 falsam.
973 2933 1054 2998 Nam
1075 2931 1154 2998 Cor·

1 3053 2 3090 ³
50 3047 153 3111 nelius
173 3045 313 3120 Tacitm,
351 3042 536 3110 clarissimus
556 3042 739 3120 historicus,
761 3063 857 3128 eques
878 3041 1063 3117 Romanus,
1097 3042 1154 3128 qui

1 3173 2 3176 ’
50 3166 194 3239 tempore
216 3153 281 3222 ,Titi
312 3162 343 3217 et
364 3151 549 3237 Vespasiani
580 3151 714 3225 floruit,
737 3151 815 3216 dicit
847 3152 877 3215 xi
900 3151 953 3218 lib.
996 3156 1154 3240 Augustae

49 3263 217 3338 Historiae,
253 3261 345 3348 qood
377 3261 467 3325 natio
498 3259 668 3324 Frisiorum
696 3259 754 3324 sub
786 3260 861 3324 diro
890 3260 1024 3326 Claudio
1054 3264 1156 3348 impe·

1 3351 2 3365 ἢ
49 3382 155 3438 retore
187 3391 245 3455 per
276 3368 476 3435 rebellionem
506 3366 598 3434 clade
628 3368 664 3432 L.
695 3370 825 3453 Apronii
858 3380 1006 3454 coeptam
1032 3371 1153 3436 insensa

51 3493 104 3546 aut
135 3479 285 3546 malefida
318 3479 398 3542 datis
430 3475 588 3542 obsidibus
610 3475 688 3539 sedit
709 3476 797 3559 epnd
819 3497 911 3560 agros
933 3498 951 3540 a
972 3477 1154 3542 Corbulone

50 3590 234 3674 descriptos.
279 3589 316 3653 us
348 3585 432 3651 idem
462 3585 503 3648 lib
528 3584 580 3648 xiii
611 3592 782 3657 memorat.
816 3581 926 3646 Frisios
947 3583 1004 3647 sub
1026 3585 1155 3650 Nerone

1 3734 2 3738 =
49 3702 240 3784 imperatore
267 3669 366 3763 noros
399 3693 544 3761 invasisse
573 3711 675 3778 agros.
718 3690 756 3756 Et
788 3690 819 3755 hi
855 3693 920 3754 duo
951 3692 1156 3778 imperatores

49 3816 288 3894 praecesserunt
308 3803 554 3868 destructionem
575 3799 824 3886 iherosolymse,
846 3809 877 3865 et
897 3801 980 3884 ipsos
1001 3801 1103 3866 Titum
1124 3813 1156 3867 et

50 3917 297 4003 Vespasianum
326 3933 402 3976 nam
423 3912 506 3976 Nero
537 3911 710 3993 imperator
740 3910 844 3994 primo
876 3911 957 3974 misit
989 3909 1157 3994 Vespasia·

41 4031 198 4046 m

84 4075 137 4146 (†)
175 4073 279 4138 Dicta,
309 4086 365 4124 vox
381 4073 506 4124 incertae
534 4066 764 4136 significationis,
783 4067 896 4120 ridetur
913 4076 1013 4119 notare
1030 4064 1157 4134 spatium

52 4167 167 4221 itineris
195 4167 281 4217 unius
305 4163 364 4215 diei
371 4179 381 4212 r
407 4179 490 4231 quem
517 4157 665 4212 admodum
690 4161 763 4210 enim
781 4177 815 4211 ex
833 4163 947 4214 contree
964 4159 1069 4212 facturn
1088 4173 1157 4212 con-

1 4325 2 4332 *
52 4267 147 4323 trata,
166 4261 208 4314 ite
220 4259 343 4324 journee
361 4252 501 4306 redditum
519 4251 633 4328 ridetqr
649 4266 701 4319 per
718 4247 806 4302 dieta.
