2950 5144
295 471 338 534 06
751 459 971 525 Wottpultr

296 636 404 704 brordi
427 633 482 720 (⁸),
522 629 727 696 Traicetensis
768 627 1015 712 archiepiscopi,
1072 646 1148 691 mox
1188 627 1231 690 ad
1272 628 1413 712 populos

296 745 484 819 litonum,
527 760 610 827 quos
641 738 728 823 prius
768 737 810 802 ad
853 734 1045 802 catholicam
1085 744 1289 800 converterat
1331 737 1414 801 reri·

297 863 415 927 tatem,
460 867 590 934 pergere
622 845 785 931 disposuit.
842 841 905 906 Pro
936 843 1053 928 quibus
1082 842 1330 928 temperandis,
1356 847 1414 931 qni

297 960 502 1034 ceciderant,
544 977 584 1021 ac
628 952 864 1028 confortandis,
907 954 965 1038 qai
1006 953 1041 1016 in
1078 952 1146 1017 lide
1187 952 1413 1036 perstiterant,

265 1130 268 1144 ,
297 1091 360 1136 nec
390 1069 479 1133 aenio
505 1067 585 1130 fesso
618 1063 745 1148 corpori
774 1061 934 1146 pepercit,
966 1079 1027 1126 nec
1060 1060 1211 1136 adversa,
1245 1079 1308 1125 nec
1345 1072 1414 1126 tor·

297 1187 407 1245 manta
440 1176 482 1241 ad
513 1183 648 1238 mortem
675 1192 777 1257 usque
796 1171 966 1256 pertimuit.
1008 1171 1123 1257 ltaque
1143 1171 1300 1258 synodum
1329 1173 1414 1258 epis·

299 1305 455 1371 caporum
486 1282 638 1347 adunans
666 1280 852 1356 celebravit,
894 1281 1070 1346 accedente
1100 1281 1238 1366 Pippino
1267 1283 1414 1348 Franco-

299 1413 370 1457 rum
392 1389 471 1479 ragis
505 1391 655 1465 decreto,
687 1389 743 1474 qui
775 1389 928 1454 defuncto
949 1387 1192 1454 Carolomanno
1211 1389 1310 1453 fratre
1330 1391 1414 1454 solua

299 1501 472 1587 regnabat,
507 1510 539 1564 et
560 1503 747 1564 unctionem
767 1517 856 1562 suam
877 1506 909 1562 et
939 1497 1187 1562 coronationem
1219 1498 1252 1562 in
1286 1498 1413 1564 ciritate

299 1609 474 1674 Suessionis
505 1629 609 1692 nuper
651 1616 836 1692 perceperat
869 1605 911 1670 ab
940 1606 1001 1669 isto
1032 1605 1202 1670 Bonilacio
1233 1607 1318 1672 iussu
1351 1607 1414 1674 Za·

300 1716 428 1782 chariae
464 1737 578 1802 papae.
630 1717 670 1780 ln
703 1737 769 1800 qna
801 1714 928 1800 synodo
957 1714 1066 1779 rolens
1095 1715 1262 1800 providere
1302 1715 1414 1782 oribus

299 1827 357 1891 sibi
378 1845 397 1889 a
420 1827 486 1890 lleo
517 1825 706 1899 commissis,
741 1843 784 1888 ne
813 1832 885 1909 post
907 1843 1062 1888 moenum
1083 1845 1173 1889 nrum
1194 1826 1415 1910 periclitaren-

300 1947 372 2011 tur,
406 1934 529 1997 bullum
560 1932 768 1998 venerabilem
800 1931 866 1996 sedi
894 1952 971 1996 suae
1000 1933 1207 2020 llloguntinae
1236 1935 1411 2020 praefecit,

299 2043 517 2108 willibaldum
546 2044 581 2106 in
604 2043 731 2119 Eistad,
763 2039 985 2107 Burcbardum
1006 2043 1041 2107 in
1063 2042 1222 2129 flerbipoli
1244 2045 1412 2131 episcopas

301 2151 399 2218 dedit.

329 2617 556 2678 ananeel-a
574 2619 769 2680 secandus
786 2620 1105 2694 archiepiscopus
1123 2621 1386 2682 masconensis

371 2713 572 2783 effletur,
591 2715 633 2772 et
650 2713 836 2785 nartmo
852 2715 895 2773 tn
912 2713 1089 2778 noenu
1106 2717 1331 2776 coronatur.

760 2915 849 2982 CAP.
873 2916 956 2983 xvi.

344 3133 431 3197 llaec
462 3133 573 3218 itaque
605 3131 791 3198 Bonilacius
822 3134 946 3199 intartae
974 3145 1114 3221 martyr,
1146 3144 1182 3198 ut
1211 3137 1340 3221 sapiens
1360 3159 1413 3202 ar·

303 3240 471 3318 ehiteetns,
495 3251 616 3307 cuncta
638 3241 809 3328 disposuit,
832 3254 864 3308 et
885 3245 1051 3328 assumptis
1071 3245 1194 3332 aliquot
1213 3245 1412 3312 extratribas

300 3349 405 3416 navim
436 3348 656 3416 conscendens
685 3371 743 3434 per
763 3350 867 3417 Rheni
887 3353 1025 3418 fluminis
1045 3353 1213 3420 decursum
1233 3355 1411 3424 Traiectum
1472 3363 1473 3368 ’

301 3481 402 3548 neque
445 3462 567 3528 delatus
599 3470 656 3526 est.
711 3462 785 3544 Quo
817 3464 949 3528 veniens
979 3462 1106 3528 obvium
1136 3463 1246 3529 babuit
1278 3463 1412 3530 cbornm

302 3571 500 3656 angelicum,
515 3591 613 3657 quem
634 3581 765 3637 sanctus
777 3571 1001 3637 Willibrordus
1020 3572 1056 3636 in
1078 3573 1274 3638 monastario
1293 3573 1345 3638 illo
1367 3576 1411 3640 ad

301 3664 431 3742 ¹andern
450 3677 505 3742 Dei
529 3690 765 3764 aggregaverat.
787 3680 941 3764 Aquibus
963 3682 1314 3767 condigncnrsceptus,
1336 3703 1410 3748 cum

300 3785 344 3848 eis
374 3784 537 3850 ecclesiam
567 3785 713 3860 intravit,
747 3794 779 3848 ct
799 3805 874 3850 cum
893 3787 1120 3874 plangentibus
1139 3800 1286 3856 sanctum
1307 3791 1411 3857 Willi-

300 3893 454 3959 brordum
489 3891 604 3957 acriter
623 3893 758 3976 planxit.
803 3893 924 3976 Quibus
945 3898 1072 3982 expletis
1092 3919 1256 3966 successor
1274 3900 1309 3965 in
1329 3899 1411 3986 epis·

290 4033 447 4048 ψ

337 4127 383 4197 (a)
421 4128 469 4182 lo.
498 4143 539 4182 nn
568 4127 670 4194 Brun,
701 4137 844 4184 mortuum
873 4148 932 4183 esse
961 4130 1132 4187 Clementem
1153 4133 1407 4206 (willibrordum)

302 4219 391 4273 tradit
409 4230 449 4272 ιο·
468 4216 637 4286 νὶἰῖιιινίἱ.
673 4221 742 4277 vid.
761 4225 839 4278 Ana.
859 4222 1034 4291 Bucnanrr,
1054 4245 1083 4296 p.
1105 4229 1148 4284 13.
