2916 5150
287 461 347 524 122
731 459 950 524 WORPEIlI

286 640 316 694 et
348 630 383 692 in
411 628 617 694 ecclesiastiea
641 628 806 712 disciplina
827 627 959 690 multum
983 627 1128 694 fervidus.
1171 629 1233 691 lste
1253 626 1394 690 Herbar-

285 748 334 802 tus
363 745 492 820 propter
522 736 688 821 quoddam
720 721 928 801 necessarium
959 737 1121 820 negotium
1151 735 1289 800 Romam
1311 754 1395 818 pro·

283 848 383 910 iectus
413 854 468 910 est.
512 843 574 923 Qui
602 844 726 929 expleto
758 843 886 927 negotio
907 842 1083 906 Traiectum
1104 842 1247 915 rediens,
1282 842 1395 908 sediti-¹

285 974 382 1018 onem
425 971 576 1035 magnam
614 950 648 1012 in
688 950 813 1014 civitate
852 949 986 1034 repperit
1029 951 1246 1035 Groningensi.
1307 951 1393 1014 Nam

286 1060 474 1144 Rodolpbus
516 1059 705 1123 castellanus
746 1057 965 1122 Covordiensis
1008 1060 1179 1143 occupavit
1223 1058 1393 1122 eeclesiam

286 1179 417 1235 sanctae
438 1165 638 1251 Walburgis,
672 1178 703 1229 et
732 1167 817 1229 illam
846 1166 880 1228 iu
903 1166 1034 1230 modurn
1055 1167 1149 1232 castri
1170 1187 1243 1233 cum
1263 1167 1394 1231 excelsis

286 1274 552 1363 propugnaculis,
599 1275 732 1338 consilio
775 1284 805 1338 et
838 1273 954 1337 auxilio
984 1274 1155 1338 multorum
1185 1275 1299 1340 civium
1333 1274 1394 1338 sibi

287 1384 544 1458 adhaerentium,
568 1382 714 1447 munivit.
756 1383 830 1446 Erat
851 1382 963 1446 eodem
985 1392 1128 1468 tempore
1148 1385 1182 1447 in
1204 1384 1394 1469 Groningen

287 1492 438 1578 Egbertus
469 1489 509 1552 de
538 1486 786 1562 Gronenborcb,
823 1489 858 1550 iu
893 1489 1033 1553 civilibus
1054 1491 1154 1555 causis
1175 1491 1336 1557 civitatem
1357 1513 1394 1556 ex

288 1609 378 1684 parte
398 1597 537 1682 episcopi
558 1595 800 1672 administrans,
835 1598 890 1682 qui
921 1597 1085 1682 Rodclpbi
1106 1601 1316 1687 omniumque
1337 1601 1393 1665 sibi

287 1708 459 1772 faventium
492 1716 560 1768 erat
594 1704 796 1769 adversarius.
845 1706 902 1770 Hic
935 1727 1008 1770 cum
1040 1727 1114 1770 suae
1144 1708 1241 1792 partis
1273 1708 1395 1774 civibus

289 1814 411 1880 obsedit
432 1812 614 1887 eeclesiam,
645 1811 700 1874 sed
721 1832 904 1896 expugnare
925 1834 993 1878 non
1014 1816 1128 1898 potuit.
1171 1817 1269 1900 Igitur
1288 1837 1393 1882 rever-

289 1944 339 1986 sus
369 1919 536 1984 Herbertus
567 1917 750 2002 episcopus,
786 1928 818 1981 et
851 1919 982 1983 audiens
1004 1921 1188 1986 seditionem
1211 1932 1339 1987 tautam
1359 1925 1393 1987 in

290 2031 413 2095 civitate
443 2028 649 2111 Groniugen,
684 2026 758 2090 illuc
779 2028 936 2090 continuo
957 2030 1114 2112 perrexit,
1146 2032 1315 2096 ecclesiam
1337 2032 1395 2096 ob·

290 2137 389 2214 sedit,
420 2147 451 2199 et
481 2134 630 2198 omnibus
662 2134 776 2199 viribus
808 2156 847 2200 ac
867 2136 1082 2202 instrumentis
1104 2138 1242 2217 bellicis,
1278 2141 1396 2226 quibus

290 2255 436 2330 poterat,
464 2242 681 2326 impugnavit,
716 2243 910 2328 tandemque
938 2244 1033 2329 pulsis
1065 2246 1142 2311 inde
1174 2259 1273 2334 atque
1293 2251 1396 2334 captis

291 2352 443 2418 seditiosis
462 2348 616 2422 obtinuit,
652 2349 797 2432 civesque
818 2370 930 2415 ornnes
950 2353 1052 2418 iurare
1073 2358 1249 2440 compulit,
1272 2380 1317 2423 ne
1339 2381 1396 2424 un·

293 2481 391 2546 quam
423 2458 464 2520 de
494 2455 592 2519 domo
625 2456 678 2520 Dei
713 2456 843 2521 domum
876 2457 947 2523 belli
980 2461 1139 2538 facerent,
1175 2466 1223 2528 vel
1244 2465 1397 2552 deinceps
1452 2457 1453 2514 Ῐ

292 2555 417 2632 similia
434 2573 544 2629 contra
576 2564 742 2663 episcopos
774 2575 987 2642 attentarent,
1024 2590 1086 2634 nec
1117 2573 1219 2654 ipsum
1240 2577 1397 2660 oppidum

293 2695 385 2740 muro
417 2673 591 2757 cingerent.
641 2672 736 2754 Quod
766 2684 875 2738 tamen
906 2695 1054 2759 processu
1085 2682 1233 2763 temporis
1266 2686 1397 2751 minime
1450 2717 1452 2724 v

292 2790 504 2849 servaverunt.
558 2777 648 2842 Tunc
681 2781 848 2846 Herbertus
877 2781 997 2846 habens
1027 2785 1107 2849 duos
1136 2789 1246 2852 fratres
1278 2793 1398 2857 Ludol·

292 2889 391 2975 pbum
422 2885 566 2952 videlicet
586 2896 617 2949 at
639 2887 827 2965 letardum,
863 2910 944 2972 quos
965 2893 1103 2958 exaltare
1123 2899 1251 2973 solens,
1284 2900 1397 2964 maiori

293 2996 524 3082 praefecturam
553 2994 585 3054 in
617 2992 804 3078 Groningen
838 3005 869 3058 et
901 2997 1019 3063 minori
1052 3012 1189 3066 castrum
1220 3007 1253 3070 in
1276 3007 1397 3075 Covor·

296 3103 348 3166 dia
380 3119 454 3166 cum
495 3099 709 3164 iurisdictione
748 3100 882 3167 Trentae
926 3106 1091 3173 feudaliter
1134 3111 1286 3192 donavit,
1333 3120 1397 3183 iure

294 3207 492 3296 proprietatis
512 3205 569 3270 sibi
590 3208 882 3296 successoribusque
903 3214 964 3276 suis
986 3231 1153 3285 reservato.
1186 3224 1289 3289 Antea
1311 3229 1396 3289 enim

295 3338 393 3403 usque
427 3316 468 3380 ad
498 3316 576 3380 baec
608 3327 750 3400 tempora
783 3320 920 3406 episcopi
942 3346 1002 3409 pro
1024 3347 1080 3392 sua
1102 3331 1267 3396 voluntate
1286 3336 1395 3398 omnia

295 3425 459 3512 praedicta
489 3425 564 3497 suis,
609 3424 862 3512 quibuscumque
893 3430 1061 3510 volebant,
1106 3438 1169 3502 sine
1196 3441 1286 3505 ullius
1318 3465 1396 3510 eon·

296 3534 483 3598 tradictione
512 3533 771 3598 contribuebant.
825 3536 975 3602 Successu
1008 3542 1100 3626 igitur
1134 3551 1281 3632 temporis
1314 3553 1395 3618 iacta

296 3651 339 3704 est
361 3641 440 3705 haec
460 3640 592 3705 donatio
613 3642 768 3726 episcopis
789 3653 820 3706 et
841 3644 990 3710 ecclesiae
1009 3648 1199 3718 Traiectensi
1220 3658 1252 3721 in
1274 3660 1395 3725 ruinam

296 3756 325 3810 et
346 3749 520 3830 perniciem
542 3769 714 3835 magnam,
739 3759 772 3812 ut
794 3750 875 3813 inira
899 3754 960 3817 suis
980 3755 1058 3822 locis
1078 3762 1205 3843 patebit.

807 3961 887 3995 Q
