<?xml version="1.0" encoding="UTF-8"?>
<!DOCTYPE html PUBLIC "-//W3C//DTD XHTML 1.0 Transitional//EN"
    "http://www.w3.org/TR/xhtml1/DTD/xhtml1-transitional.dtd">
<html xmlns="http://www.w3.org/1999/xhtml" xml:lang="en" lang="en">
 <head>
  <title>
</title>
<meta http-equiv="Content-Type" content="text/html;charset=utf-8" />
  <meta name='ocr-system' content='tesseract 3.04.00' />
  <meta name='ocr-capabilities' content='ocr_page ocr_carea ocr_par ocr_line ocrx_word'/>
</head>
<body>
  <div class='ocr_page' id='page_1' title='image "./worperityaerdae00worpgoog_0188.png"; bbox 0 0 2916 5150; ppageno 0'>
   <div class='ocr_carea' id='block_1_1' title="bbox 280 434 1014 540">
    <p class='ocr_par' dir='ltr' id='par_1_1' title="bbox 280 434 1014 540">
     <span class='ocr_line' id='line_1_1' title="bbox 280 434 1014 540; baseline 0.001 -3"><span class='ocrx_word' id='word_1_1' title='bbox 280 473 342 539; x_wconf 85' lang='lat' dir='ltr'><strong>ras</strong></span> <span class='ocrx_word' id='word_1_2' title='bbox 720 473 939 540; x_wconf 78' lang='lat' dir='ltr'><strong>Woarnru</strong></span> <span class='ocrx_word' id='word_1_3' title='bbox 1012 434 1014 439; x_wconf 53' lang='lat'><em>&#39;</em></span> 
     </span>
    </p>
   </div>
   <div class='ocr_carea' id='block_1_2' title="bbox 293 697 1362 946">
    <p class='ocr_par' dir='ltr' id='par_1_2' title="bbox 293 697 1362 946">
     <span class='ocr_line' id='line_1_2' title="bbox 293 697 1362 773; baseline -0.004 -14"><span class='ocrx_word' id='word_1_4' title='bbox 293 697 351 759; x_wconf 78' lang='lat' dir='ltr'><strong>lte</strong></span> <span class='ocrx_word' id='word_1_5' title='bbox 370 699 531 773; x_wconf 75' lang='lat' dir='ltr'><strong>proellis</strong></span> <span class='ocrx_word' id='word_1_6' title='bbox 549 700 752 756; x_wconf 81' lang='lat' dir='ltr'><strong>Frisonum</strong></span> <span class='ocrx_word' id='word_1_7' title='bbox 771 701 1073 759; x_wconf 79' lang='lat' dir='ltr'><strong>occidentalium</strong></span> <span class='ocrx_word' id='word_1_8' title='bbox 1090 700 1179 772; x_wconf 83' lang='lat' dir='ltr'><strong>post</strong></span> <span class='ocrx_word' id='word_1_9' title='bbox 1196 700 1362 756; x_wconf 83' lang='lat' dir='ltr'><strong>mortem</strong></span> 
     </span>
     <span class='ocr_line' id='line_1_3' title="bbox 366 793 1290 864; baseline -0.005 -11"><span class='ocrx_word' id='word_1_10' title='bbox 366 795 560 853; x_wconf 74' lang='lat' dir='ltr'><strong>Florentii</strong></span> <span class='ocrx_word' id='word_1_11' title='bbox 578 794 731 850; x_wconf 77' lang='lat' dir='ltr'><strong>consitis</strong></span> <span class='ocrx_word' id='word_1_12' title='bbox 751 793 859 850; x_wconf 82' lang='lat' dir='ltr'><strong>etde</strong></span> <span class='ocrx_word' id='word_1_13' title='bbox 878 795 1084 852; x_wconf 78' lang='lat' dir='ltr'><strong>wilhelmo</strong></span> <span class='ocrx_word' id='word_1_14' title='bbox 1105 795 1290 864; x_wconf 76' lang='lat' dir='ltr'><strong>episcopo</strong></span> 
     </span>
     <span class='ocr_line' id='line_1_4' title="bbox 701 887 958 946; baseline 0 -3"><span class='ocrx_word' id='word_1_15' title='bbox 701 887 958 946; x_wconf 68' lang='lat' dir='ltr'><strong>halectenst.</strong></span> 
     </span>
    </p>
   </div>
   <div class='ocr_carea' id='block_1_3' title="bbox 703 1087 952 1155">
    <p class='ocr_par' dir='ltr' id='par_1_3' title="bbox 703 1087 952 1155">
     <span class='ocr_line' id='line_1_5' title="bbox 703 1087 952 1155; baseline 0.004 -4"><span class='ocrx_word' id='word_1_16' title='bbox 703 1087 791 1152; x_wconf 81' lang='lat' dir='ltr'><strong>CAP.</strong></span> <span class='ocrx_word' id='word_1_17' title='bbox 813 1088 952 1155; x_wconf 84' lang='lat' dir='ltr'>XXXIV.</span> 
     </span>
    </p>
   </div>
   <div class='ocr_carea' id='block_1_4' title="bbox 181 1301 1456 4304">
    <p class='ocr_par' dir='ltr' id='par_1_4' title="bbox 181 1301 1456 4304">
     <span class='ocr_line' id='line_1_6' title="bbox 316 1301 1379 1369; baseline -0.001 -1"><span class='ocrx_word' id='word_1_18' title='bbox 316 1305 441 1368; x_wconf 89' lang='lat' dir='ltr'><strong>llortuo</strong></span> <span class='ocrx_word' id='word_1_19' title='bbox 475 1301 631 1368; x_wconf 87' lang='lat' dir='ltr'><strong>Florentio</strong></span> <span class='ocrx_word' id='word_1_20' title='bbox 653 1324 741 1367; x_wconf 92' lang='lat' dir='ltr'><strong>anno</strong></span> <span class='ocrx_word' id='word_1_21' title='bbox 765 1304 890 1368; x_wconf 84' lang='lat' dir='ltr'>Domini</span> <span class='ocrx_word' id='word_1_22' title='bbox 912 1304 1054 1369; x_wconf 84' lang='lat' dir='ltr'><strong>mccxcri</strong></span> <span class='ocrx_word' id='word_1_23' title='bbox 1076 1303 1152 1368; x_wconf 83' lang='lat' dir='ltr'><strong>rexit</strong></span> <span class='ocrx_word' id='word_1_24' title='bbox 1174 1302 1379 1367; x_wconf 86' lang='lat' dir='ltr'><strong>Hollandiam</strong></span> 
     </span>
     <span class='ocr_line' id='line_1_7' title="bbox 270 1410 1381 1496; baseline -0.001 -21"><span class='ocrx_word' id='word_1_25' title='bbox 270 1412 432 1478; x_wconf 87' lang='lat' dir='ltr'><strong>lohannes</strong></span> <span class='ocrx_word' id='word_1_26' title='bbox 453 1433 560 1478; x_wconf 89' lang='lat' dir='ltr'><strong>comes</strong></span> <span class='ocrx_word' id='word_1_27' title='bbox 581 1412 786 1488; x_wconf 71' lang='lat' dir='ltr'><strong>Hemoniae,</strong></span> <span class='ocrx_word' id='word_1_28' title='bbox 810 1434 849 1476; x_wconf 88' lang='lat' dir='ltr'><strong>ex</strong></span> <span class='ocrx_word' id='word_1_29' title='bbox 870 1422 961 1496; x_wconf 89' lang='lat' dir='ltr'><strong>parte</strong></span> <span class='ocrx_word' id='word_1_30' title='bbox 981 1410 1132 1475; x_wconf 89' lang='lat' dir='ltr'><strong>lobannis</strong></span> <span class='ocrx_word' id='word_1_31' title='bbox 1151 1411 1207 1474; x_wconf 92' lang='lat' dir='ltr'><strong>filii</strong></span> <span class='ocrx_word' id='word_1_32' title='bbox 1227 1410 1381 1474; x_wconf 74' lang='lat' dir='ltr'><strong>Florentii</strong></span> 
     </span>
     <span class='ocr_line' id='line_1_8' title="bbox 272 1517 1380 1606; baseline -0.004 -20"><span class='ocrx_word' id='word_1_33' title='bbox 272 1523 415 1596; x_wconf 87' lang='lat' dir='ltr'><strong>comitis,</strong></span> <span class='ocrx_word' id='word_1_34' title='bbox 448 1523 503 1606; x_wconf 90' lang='lat' dir='ltr'><strong>qui</strong></span> <span class='ocrx_word' id='word_1_35' title='bbox 536 1542 575 1584; x_wconf 88' lang='lat' dir='ltr'><strong>eo</strong></span> <span class='ocrx_word' id='word_1_36' title='bbox 599 1531 739 1605; x_wconf 88' lang='lat' dir='ltr'><strong>ternpore</strong></span> <span class='ocrx_word' id='word_1_37' title='bbox 761 1520 867 1585; x_wconf 89' lang='lat' dir='ltr'><strong>adbuc</strong></span> <span class='ocrx_word' id='word_1_38' title='bbox 889 1521 1073 1584; x_wconf 82' lang='lat' dir='ltr'><strong>adolescens</strong></span> <span class='ocrx_word' id='word_1_39' title='bbox 1094 1530 1161 1583; x_wconf 87' lang='lat' dir='ltr'><strong>erat</strong></span> <span class='ocrx_word' id='word_1_40' title='bbox 1183 1519 1270 1603; x_wconf 87' lang='lat' dir='ltr'><strong>apud</strong></span> <span class='ocrx_word' id='word_1_41' title='bbox 1290 1517 1380 1582; x_wconf 87' lang='lat' dir='ltr'><strong>Edu·</strong></span> 
     </span>
     <span class='ocr_line' id='line_1_9' title="bbox 271 1627 1381 1715; baseline 0 -25"><span class='ocrx_word' id='word_1_42' title='bbox 271 1628 385 1691; x_wconf 89' lang='lat' dir='ltr'><strong>ardum</strong></span> <span class='ocrx_word' id='word_1_43' title='bbox 416 1650 521 1715; x_wconf 86' lang='lat' dir='ltr'><strong>regern</strong></span> <span class='ocrx_word' id='word_1_44' title='bbox 553 1631 588 1692; x_wconf 94' lang='lat' dir='ltr'><strong>in</strong></span> <span class='ocrx_word' id='word_1_45' title='bbox 621 1630 747 1714; x_wconf 82' lang='lat' dir='ltr'><strong>Anglia.</strong></span> <span class='ocrx_word' id='word_1_46' title='bbox 803 1629 923 1693; x_wconf 87' lang='lat' dir='ltr'><strong>Eodem</strong></span> <span class='ocrx_word' id='word_1_47' title='bbox 941 1633 942 1636; x_wconf 71' lang='grc'>’</span> <span class='ocrx_word' id='word_1_48' title='bbox 957 1639 1098 1712; x_wconf 88' lang='lat' dir='ltr'><strong>tempore</strong></span> <span class='ocrx_word' id='word_1_49' title='bbox 1130 1627 1315 1691; x_wconf 87' lang='lat' dir='ltr'><strong>Wilbelmus</strong></span> <span class='ocrx_word' id='word_1_50' title='bbox 1336 1627 1381 1690; x_wconf 86' lang='lat' dir='ltr'><strong>de</strong></span> 
     </span>
     <span class='ocr_line' id='line_1_10' title="bbox 270 1735 1379 1821; baseline 0 -23"><span class='ocrx_word' id='word_1_51' title='bbox 270 1735 435 1800; x_wconf 81' lang='lat' dir='ltr'><strong>Meoblinia</strong></span> <span class='ocrx_word' id='word_1_52' title='bbox 468 1738 526 1799; x_wconf 83' lang='lat' dir='ltr'><strong>tuit</strong></span> <span class='ocrx_word' id='word_1_53' title='bbox 557 1738 722 1821; x_wconf 87' lang='lat' dir='ltr'><strong>episcopus</strong></span> <span class='ocrx_word' id='word_1_54' title='bbox 754 1737 957 1800; x_wconf 75' lang='lat' dir='ltr'><strong>Traidctensis</strong></span> <span class='ocrx_word' id='word_1_55' title='bbox 988 1737 1023 1798; x_wconf 94' lang='lat' dir='ltr'><strong>in</strong></span> <span class='ocrx_word' id='word_1_56' title='bbox 1053 1755 1188 1799; x_wconf 87' lang='lat' dir='ltr'><strong>numero</strong></span> <span class='ocrx_word' id='word_1_57' title='bbox 1219 1737 1271 1802; x_wconf 86' lang='lat' dir='ltr'><strong>xli.</strong></span> <span class='ocrx_word' id='word_1_58' title='bbox 1312 1735 1379 1798; x_wconf 89' lang='lat' dir='ltr'><strong>Iste</strong></span> 
     </span>
     <span class='ocr_line' id='line_1_11' title="bbox 270 1842 1378 1927; baseline -0.004 -19"><span class='ocrx_word' id='word_1_59' title='bbox 270 1842 454 1908; x_wconf 89' lang='lat' dir='ltr'><strong>Wilbelmus</strong></span> <span class='ocrx_word' id='word_1_60' title='bbox 475 1846 642 1927; x_wconf 90' lang='lat' dir='ltr'><strong>episcopus</strong></span> <span class='ocrx_word' id='word_1_61' title='bbox 663 1843 793 1906; x_wconf 86' lang='lat' dir='ltr'><strong>veniens</strong></span> <span class='ocrx_word' id='word_1_62' title='bbox 816 1842 858 1905; x_wconf 89' lang='lat' dir='ltr'><strong>ad</strong></span> <span class='ocrx_word' id='word_1_63' title='bbox 880 1843 1095 1907; x_wconf 87' lang='lat' dir='ltr'><strong>occidentales</strong></span> <span class='ocrx_word' id='word_1_64' title='bbox 1106 1845 1257 1918; x_wconf 79' lang='lat' dir='ltr'><strong>Frisones,</strong></span> <span class='ocrx_word' id='word_1_65' title='bbox 1279 1862 1378 1926; x_wconf 89' lang='lat' dir='ltr'><strong>prae·</strong></span> 
     </span>
     <span class='ocr_line' id='line_1_12' title="bbox 269 1951 1380 2037; baseline -0.002 -21"><span class='ocrx_word' id='word_1_66' title='bbox 269 1952 386 2016; x_wconf 90' lang='lat' dir='ltr'><strong>dicavit</strong></span> <span class='ocrx_word' id='word_1_67' title='bbox 407 1952 599 2036; x_wconf 80' lang='lat' dir='ltr'><strong>episcopales</strong></span> <span class='ocrx_word' id='word_1_68' title='bbox 619 1951 838 2035; x_wconf 74' lang='lat' dir='ltr'><strong>indulgentias,</strong></span> <span class='ocrx_word' id='word_1_69' title='bbox 854 1961 887 2015; x_wconf 90' lang='lat' dir='ltr'><strong>ut</strong></span> <span class='ocrx_word' id='word_1_70' title='bbox 909 1963 1094 2036; x_wconf 81' lang='lat' dir='ltr'><strong>pugnarent</strong></span> <span class='ocrx_word' id='word_1_71' title='bbox 1114 1973 1173 2037; x_wconf 92' lang='lat' dir='ltr'><strong>pro</strong></span> <span class='ocrx_word' id='word_1_72' title='bbox 1194 1951 1380 2015; x_wconf 82' lang='lat' dir='ltr'><strong>defensione</strong></span> 
     </span>
     <span class='ocr_line' id='line_1_13' title="bbox 268 2055 1380 2144; baseline -0.004 -20"><span class='ocrx_word' id='word_1_73' title='bbox 268 2061 392 2144; x_wconf 89' lang='lat' dir='ltr'><strong>patriae</strong></span> <span class='ocrx_word' id='word_1_74' title='bbox 424 2055 455 2123; x_wconf 84' lang='lat' dir='ltr'><strong>el</strong></span> <span class='ocrx_word' id='word_1_75' title='bbox 485 2059 646 2122; x_wconf 90' lang='lat' dir='ltr'><strong>bonorum</strong></span> <span class='ocrx_word' id='word_1_76' title='bbox 679 2080 807 2122; x_wconf 89' lang='lat' dir='ltr'><strong>suorum</strong></span> <span class='ocrx_word' id='word_1_77' title='bbox 832 2068 949 2123; x_wconf 89' lang='lat' dir='ltr'><strong>contra</strong></span> <span class='ocrx_word' id='word_1_78' title='bbox 971 2059 1119 2123; x_wconf 90' lang='lat' dir='ltr'><strong>iniustam</strong></span> <span class='ocrx_word' id='word_1_79' title='bbox 1141 2060 1380 2142; x_wconf 81' lang='lat' dir='ltr'><strong>oppressionem</strong></span> 
     </span>
     <span class='ocr_line' id='line_1_14' title="bbox 270 2165 1379 2252; baseline -0.005 -19"><span class='ocrx_word' id='word_1_80' title='bbox 270 2169 421 2233; x_wconf 88' lang='lat' dir='ltr'><strong>comitum</strong></span> <span class='ocrx_word' id='word_1_81' title='bbox 460 2167 659 2231; x_wconf 90' lang='lat' dir='ltr'><strong>Hollandiae.</strong></span> <span class='ocrx_word' id='word_1_82' title='bbox 714 2167 775 2248; x_wconf 88' lang='lat' dir='ltr'><strong>Qui</strong></span> <span class='ocrx_word' id='word_1_83' title='bbox 806 2186 915 2230; x_wconf 86' lang='lat' dir='ltr'><strong>amore</strong></span> <span class='ocrx_word' id='word_1_84' title='bbox 944 2169 1098 2252; x_wconf 86' lang='lat' dir='ltr'><strong>pristinae</strong></span> <span class='ocrx_word' id='word_1_85' title='bbox 1130 2165 1280 2230; x_wconf 83' lang='lat' dir='ltr'><strong>libertatis</strong></span> <span class='ocrx_word' id='word_1_86' title='bbox 1312 2168 1379 2228; x_wconf 89' lang='lat' dir='ltr'><strong>iam</strong></span> 
     </span>
     <span class='ocr_line' id='line_1_15' title="bbox 268 2273 1381 2361; baseline -0.003 -21"><span class='ocrx_word' id='word_1_87' title='bbox 268 2297 370 2361; x_wconf 85' lang='lat' dir='ltr'><strong>paene</strong></span> <span class='ocrx_word' id='word_1_88' title='bbox 392 2275 531 2350; x_wconf 84' lang='lat' dir='ltr'><strong>amissae,</strong></span> <span class='ocrx_word' id='word_1_89' title='bbox 554 2297 610 2338; x_wconf 93' lang='lat' dir='ltr'><strong>sua</strong></span> <span class='ocrx_word' id='word_1_90' title='bbox 633 2285 745 2338; x_wconf 89' lang='lat' dir='ltr'><strong>natura</strong></span> <span class='ocrx_word' id='word_1_91' title='bbox 767 2276 859 2358; x_wconf 91' lang='lat' dir='ltr'><strong>proni</strong></span> <span class='ocrx_word' id='word_1_92' title='bbox 881 2275 954 2338; x_wconf 88' lang='lat' dir='ltr'><strong>satis</strong></span> <span class='ocrx_word' id='word_1_93' title='bbox 975 2275 1016 2338; x_wconf 92' lang='lat' dir='ltr'><strong>ad</strong></span> <span class='ocrx_word' id='word_1_94' title='bbox 1038 2275 1120 2352; x_wconf 90' lang='lat' dir='ltr'><strong>boc,</strong></span> <span class='ocrx_word' id='word_1_95' title='bbox 1138 2274 1226 2338; x_wconf 92' lang='lat' dir='ltr'><strong>haud</strong></span> <span class='ocrx_word' id='word_1_96' title='bbox 1248 2273 1381 2338; x_wconf 86' lang='lat' dir='ltr'><strong>difficile</strong></span> 
     </span>
     <span class='ocr_line' id='line_1_16' title="bbox 269 2380 1380 2468; baseline -0.004 -20"><span class='ocrx_word' id='word_1_97' title='bbox 269 2385 419 2468; x_wconf 88' lang='lat' dir='ltr'><strong>episcopo</strong></span> <span class='ocrx_word' id='word_1_98' title='bbox 451 2384 525 2446; x_wconf 90' lang='lat' dir='ltr'><strong>talia</strong></span> <span class='ocrx_word' id='word_1_99' title='bbox 557 2381 699 2444; x_wconf 87' lang='lat' dir='ltr'><strong>hortanti</strong></span> <span class='ocrx_word' id='word_1_100' title='bbox 721 2403 828 2446; x_wconf 89' lang='lat' dir='ltr'><strong>aurem</strong></span> <span class='ocrx_word' id='word_1_101' title='bbox 850 2383 1034 2466; x_wconf 88' lang='lat' dir='ltr'><strong>praebuere.</strong></span> <span class='ocrx_word' id='word_1_102' title='bbox 1079 2385 1157 2447; x_wconf 90' lang='lat' dir='ltr'><strong>Nam</strong></span> <span class='ocrx_word' id='word_1_103' title='bbox 1179 2405 1253 2448; x_wconf 86' lang='lat' dir='ltr'><strong>cum</strong></span> <span class='ocrx_word' id='word_1_104' title='bbox 1275 2380 1380 2446; x_wconf 79' lang='lat' dir='ltr'><strong>omnis</strong></span> 
     </span>
     <span class='ocr_line' id='line_1_17' title="bbox 269 2489 1380 2570; baseline -0.003 -14"><span class='ocrx_word' id='word_1_105' title='bbox 269 2493 413 2565; x_wconf 85' lang='lat' dir='ltr'><strong>servitus,</strong></span> <span class='ocrx_word' id='word_1_106' title='bbox 446 2491 533 2555; x_wconf 83' lang='lat' dir='ltr'><strong>iuxta</strong></span> <span class='ocrx_word' id='word_1_107' title='bbox 566 2489 725 2556; x_wconf 85' lang='lat' dir='ltr'><strong>Ciceronis</strong></span> <span class='ocrx_word' id='word_1_108' title='bbox 757 2493 968 2570; x_wconf 84' lang='lat' dir='ltr'><strong>sententiam,</strong></span> <span class='ocrx_word' id='word_1_109' title='bbox 1000 2495 1037 2557; x_wconf 94' lang='lat' dir='ltr'><strong>sit</strong></span> <span class='ocrx_word' id='word_1_110' title='bbox 1059 2495 1188 2570; x_wconf 83' lang='lat' dir='ltr'><strong>misera,</strong></span> <span class='ocrx_word' id='word_1_111' title='bbox 1221 2494 1279 2556; x_wconf 91' lang='lat' dir='ltr'><strong>illis</strong></span> <span class='ocrx_word' id='word_1_112' title='bbox 1300 2510 1380 2556; x_wconf 89' lang='lat' dir='ltr'><strong>vero</strong></span> 
     </span>
     <span class='ocr_line' id='line_1_18' title="bbox 270 2597 1381 2686; baseline 0 -24"><span class='ocrx_word' id='word_1_113' title='bbox 270 2599 441 2662; x_wconf 86' lang='lat' dir='ltr'><strong>miserrima</strong></span> <span class='ocrx_word' id='word_1_114' title='bbox 463 2609 527 2675; x_wconf 89' lang='lat' dir='ltr'><strong>est,</strong></span> <span class='ocrx_word' id='word_1_115' title='bbox 552 2599 607 2683; x_wconf 89' lang='lat' dir='ltr'><strong>qui</strong></span> <span class='ocrx_word' id='word_1_116' title='bbox 628 2597 778 2663; x_wconf 89' lang='lat' dir='ltr'><strong>libertatis</strong></span> <span class='ocrx_word' id='word_1_117' title='bbox 799 2600 1001 2665; x_wconf 89' lang='lat' dir='ltr'><strong>dulcedinem</strong></span> <span class='ocrx_word' id='word_1_118' title='bbox 1022 2612 1236 2686; x_wconf 68' lang='lat' dir='ltr'><strong>grstaverunt.</strong></span> <span class='ocrx_word' id='word_1_119' title='bbox 1277 2601 1381 2685; x_wconf 84' lang='lat' dir='ltr'><strong>lgitur</strong></span> 
     </span>
     <span class='ocr_line' id='line_1_19' title="bbox 269 2707 1381 2793; baseline 0.002 -23"><span class='ocrx_word' id='word_1_120' title='bbox 269 2707 354 2771; x_wconf 85' lang='lat' dir='ltr'><strong>Frisii</strong></span> <span class='ocrx_word' id='word_1_121' title='bbox 374 2727 443 2771; x_wconf 92' lang='lat' dir='ltr'><strong>uno</strong></span> <span class='ocrx_word' id='word_1_122' title='bbox 465 2707 570 2771; x_wconf 88' lang='lat' dir='ltr'><strong>animo</strong></span> <span class='ocrx_word' id='word_1_123' title='bbox 593 2708 811 2793; x_wconf 90' lang='lat' dir='ltr'><strong>concordique</strong></span> <span class='ocrx_word' id='word_1_124' title='bbox 822 2718 897 2773; x_wconf 86' lang='lat' dir='ltr'><strong>roto</strong></span> <span class='ocrx_word' id='word_1_125' title='bbox 920 2721 1162 2784; x_wconf 81' lang='lat' dir='ltr'><strong>concurrentes,</strong></span> <span class='ocrx_word' id='word_1_126' title='bbox 1183 2709 1381 2774; x_wconf 86' lang='lat' dir='ltr'><strong>obsederunt</strong></span> 
     </span>
     <span class='ocr_line' id='line_1_20' title="bbox 267 2815 1381 2902; baseline 0.002 -24"><span class='ocrx_word' id='word_1_127' title='bbox 267 2817 371 2900; x_wconf 90' lang='lat' dir='ltr'><strong>primo</strong></span> <span class='ocrx_word' id='word_1_128' title='bbox 403 2826 539 2881; x_wconf 89' lang='lat' dir='ltr'><strong>castrum</strong></span> <span class='ocrx_word' id='word_1_129' title='bbox 570 2816 603 2876; x_wconf 93' lang='lat' dir='ltr'><strong>in</strong></span> <span class='ocrx_word' id='word_1_130' title='bbox 628 2815 800 2890; x_wconf 82' lang='lat' dir='ltr'><strong>Widenes‚</strong></span> <span class='ocrx_word' id='word_1_131' title='bbox 835 2817 903 2881; x_wconf 90' lang='lat' dir='ltr'><strong>sine</strong></span> <span class='ocrx_word' id='word_1_132' title='bbox 933 2820 1107 2882; x_wconf 86' lang='lat' dir='ltr'><strong>cessatione</strong></span> <span class='ocrx_word' id='word_1_133' title='bbox 1140 2818 1217 2881; x_wconf 90' lang='lat' dir='ltr'><strong>illud</strong></span> <span class='ocrx_word' id='word_1_134' title='bbox 1249 2838 1381 2902; x_wconf 85' lang='lat' dir='ltr'><strong>oppug-</strong></span> 
     </span>
     <span class='ocr_line' id='line_1_21' title="bbox 270 2921 1380 3013; baseline 0.005 -29"><span class='ocrx_word' id='word_1_135' title='bbox 270 2933 395 2986; x_wconf 88' lang='lat' dir='ltr'><strong>nantes.</strong></span> <span class='ocrx_word' id='word_1_136' title='bbox 438 2923 572 2986; x_wconf 83' lang='lat' dir='ltr'><strong>Territus</strong></span> <span class='ocrx_word' id='word_1_137' title='bbox 594 2921 794 2988; x_wconf 83' lang='lat' dir='ltr'><strong>Baldcwinus</strong></span> <span class='ocrx_word' id='word_1_138' title='bbox 817 2926 855 2988; x_wconf 90' lang='lat' dir='ltr'><strong>de</strong></span> <span class='ocrx_word' id='word_1_139' title='bbox 879 2927 1074 3013; x_wconf 81' lang='lat' dir='ltr'><strong>Naeldwyclr</strong></span> <span class='ocrx_word' id='word_1_140' title='bbox 1096 2928 1283 2992; x_wconf 88' lang='lat' dir='ltr'><strong>castellanus</strong></span> <span class='ocrx_word' id='word_1_141' title='bbox 1303 2947 1380 2990; x_wconf 90' lang='lat' dir='ltr'><strong>cas·</strong></span> 
     </span>
     <span class='ocr_line' id='line_1_22' title="bbox 217 3029 1380 3122; baseline 0.005 -30"><span class='ocrx_word' id='word_1_142' title='bbox 217 3117 220 3122; x_wconf 66' lang='lat'><em>,</em></span> <span class='ocrx_word' id='word_1_143' title='bbox 269 3032 309 3093; x_wconf 92' lang='lat' dir='ltr'><strong>tri</strong></span> <span class='ocrx_word' id='word_1_144' title='bbox 330 3051 404 3095; x_wconf 87' lang='lat' dir='ltr'><strong>cum</strong></span> <span class='ocrx_word' id='word_1_145' title='bbox 425 3032 503 3103; x_wconf 86' lang='lat' dir='ltr'><strong>suis,</strong></span> <span class='ocrx_word' id='word_1_146' title='bbox 528 3029 616 3093; x_wconf 84' lang='lat' dir='ltr'><strong>salvis</strong></span> <span class='ocrx_word' id='word_1_147' title='bbox 639 3030 825 3114; x_wconf 87' lang='lat' dir='ltr'><strong>corporibus</strong></span> <span class='ocrx_word' id='word_1_148' title='bbox 846 3043 877 3096; x_wconf 95' lang='lat' dir='ltr'><strong>et</strong></span> <span class='ocrx_word' id='word_1_149' title='bbox 900 3034 994 3097; x_wconf 92' lang='lat' dir='ltr'><strong>bonis</strong></span> <span class='ocrx_word' id='word_1_150' title='bbox 1016 3037 1137 3110; x_wconf 80' lang='lat' dir='ltr'><strong>exiens,</strong></span> <span class='ocrx_word' id='word_1_151' title='bbox 1171 3044 1307 3100; x_wconf 89' lang='lat' dir='ltr'><strong>castrum</strong></span> <span class='ocrx_word' id='word_1_152' title='bbox 1332 3034 1380 3098; x_wconf 89' lang='lat' dir='ltr'><strong>ad</strong></span> 
     </span>
     <span class='ocr_line' id='line_1_23' title="bbox 269 3138 1379 3225; baseline 0.005 -25"><span class='ocrx_word' id='word_1_153' title='bbox 269 3158 382 3200; x_wconf 88' lang='lat' dir='ltr'><strong>manus</strong></span> <span class='ocrx_word' id='word_1_154' title='bbox 413 3138 577 3202; x_wconf 90' lang='lat' dir='ltr'><strong>Frisonum</strong></span> <span class='ocrx_word' id='word_1_155' title='bbox 599 3139 748 3214; x_wconf 82' lang='lat' dir='ltr'><strong>tradidit,</strong></span> <span class='ocrx_word' id='word_1_156' title='bbox 783 3142 838 3225; x_wconf 91' lang='lat' dir='ltr'><strong>qui</strong></span> <span class='ocrx_word' id='word_1_157' title='bbox 859 3142 936 3205; x_wconf 91' lang='lat' dir='ltr'><strong>illud</strong></span> <span class='ocrx_word' id='word_1_158' title='bbox 966 3143 1159 3208; x_wconf 87' lang='lat' dir='ltr'><strong>devastantes</strong></span> <span class='ocrx_word' id='word_1_159' title='bbox 1189 3145 1256 3206; x_wconf 92' lang='lat' dir='ltr'><strong>solo</strong></span> <span class='ocrx_word' id='word_1_160' title='bbox 1278 3163 1379 3206; x_wconf 87' lang='lat' dir='ltr'><strong>coae-</strong></span> 
     </span>
     <span class='ocr_line' id='line_1_24' title="bbox 269 3246 1376 3338; baseline 0.008 -33"><span class='ocrx_word' id='word_1_161' title='bbox 269 3254 456 3330; x_wconf 87' lang='lat' dir='ltr'><strong>quaverunt.</strong></span> <span class='ocrx_word' id='word_1_162' title='bbox 503 3246 623 3309; x_wconf 82' lang='lat' dir='ltr'><strong>Deinde</strong></span> <span class='ocrx_word' id='word_1_163' title='bbox 657 3247 737 3338; x_wconf 88' lang='lat' dir='ltr'><strong>ultra</strong></span> <span class='ocrx_word' id='word_1_164' title='bbox 758 3249 969 3331; x_wconf 84' lang='lat' dir='ltr'><strong>procedentes</strong></span> <span class='ocrx_word' id='word_1_165' title='bbox 991 3262 1129 3316; x_wconf 87' lang='lat' dir='ltr'><strong>castrum</strong></span> <span class='ocrx_word' id='word_1_166' title='bbox 1151 3249 1376 3337; x_wconf 84' lang='lat' dir='ltr'><strong>Enigenburcb</strong></span> 
     </span>
     <span class='ocr_line' id='line_1_25' title="bbox 269 3353 1375 3436; baseline 0.005 -20"><span class='ocrx_word' id='word_1_167' title='bbox 269 3353 406 3417; x_wconf 90' lang='lat' dir='ltr'><strong>similiter</strong></span> <span class='ocrx_word' id='word_1_168' title='bbox 439 3361 567 3436; x_wconf 90' lang='lat' dir='ltr'><strong>captum</strong></span> <span class='ocrx_word' id='word_1_169' title='bbox 597 3353 740 3416; x_wconf 89' lang='lat' dir='ltr'><strong>funditus</strong></span> <span class='ocrx_word' id='word_1_170' title='bbox 771 3354 1002 3424; x_wconf 84' lang='lat' dir='ltr'><strong>destruxerunt.</strong></span> <span class='ocrx_word' id='word_1_171' title='bbox 1049 3361 1211 3426; x_wconf 85' lang='lat' dir='ltr'><strong>Venerunt</strong></span> <span class='ocrx_word' id='word_1_172' title='bbox 1233 3370 1307 3422; x_wconf 90' lang='lat' dir='ltr'><strong>tunc</strong></span> <span class='ocrx_word' id='word_1_173' title='bbox 1328 3358 1375 3422; x_wconf 92' lang='lat' dir='ltr'><strong>ad</strong></span> 
     </span>
     <span class='ocr_line' id='line_1_26' title="bbox 268 3460 1375 3552; baseline 0.005 -27"><span class='ocrx_word' id='word_1_174' title='bbox 268 3460 488 3536; x_wconf 81' lang='lat' dir='ltr'><strong>Medenblick,</strong></span> <span class='ocrx_word' id='word_1_175' title='bbox 522 3469 552 3524; x_wconf 90' lang='lat' dir='ltr'><strong>et</strong></span> <span class='ocrx_word' id='word_1_176' title='bbox 585 3462 739 3546; x_wconf 86' lang='lat' dir='ltr'><strong>oppidum</strong></span> <span class='ocrx_word' id='word_1_177' title='bbox 771 3463 902 3547; x_wconf 88' lang='lat' dir='ltr'><strong>quidem</strong></span> <span class='ocrx_word' id='word_1_178' title='bbox 933 3467 1004 3552; x_wconf 91' lang='lat' dir='ltr'><strong>igne</strong></span> <span class='ocrx_word' id='word_1_179' title='bbox 1035 3477 1272 3542; x_wconf 85' lang='lat' dir='ltr'><strong>consumentes,</strong></span> <span class='ocrx_word' id='word_1_180' title='bbox 1302 3487 1375 3531; x_wconf 88' lang='lat' dir='ltr'><strong>cas·</strong></span> 
     </span>
     <span class='ocr_line' id='line_1_27' title="bbox 269 3559 1375 3658; baseline 0.004 -26"><span class='ocrx_word' id='word_1_181' title='bbox 269 3579 353 3632; x_wconf 88' lang='lat' dir='ltr'><strong>trum</strong></span> <span class='ocrx_word' id='word_1_182' title='bbox 384 3569 457 3632; x_wconf 88' lang='lat' dir='ltr'><strong>lorti</strong></span> <span class='ocrx_word' id='word_1_183' title='bbox 489 3569 658 3632; x_wconf 85' lang='lat' dir='ltr'><strong>cinxerunt</strong></span> <span class='ocrx_word' id='word_1_184' title='bbox 691 3559 880 3636; x_wconf 50' lang='lat' dir='ltr'><strong>obsidiones</strong></span> <span class='ocrx_word' id='word_1_185' title='bbox 910 3573 1081 3658; x_wconf 88' lang='lat' dir='ltr'><strong>Episcopus</strong></span> <span class='ocrx_word' id='word_1_186' title='bbox 1115 3586 1219 3639; x_wconf 90' lang='lat' dir='ltr'><strong>autem</strong></span> <span class='ocrx_word' id='word_1_187' title='bbox 1241 3573 1375 3639; x_wconf 90' lang='lat' dir='ltr'><strong>Wilbel·</strong></span> 
     </span>
     <span class='ocr_line' id='line_1_28' title="bbox 268 3675 1374 3759; baseline 0.008 -22"><span class='ocrx_word' id='word_1_188' title='bbox 268 3696 338 3738; x_wconf 88' lang='lat' dir='ltr'><strong>mus</strong></span> <span class='ocrx_word' id='word_1_189' title='bbox 358 3675 438 3738; x_wconf 89' lang='lat' dir='ltr'><strong>misit</strong></span> <span class='ocrx_word' id='word_1_190' title='bbox 460 3675 638 3739; x_wconf 90' lang='lat' dir='ltr'><strong>Frisonibus</strong></span> <span class='ocrx_word' id='word_1_191' title='bbox 659 3675 737 3740; x_wconf 92' lang='lat' dir='ltr'><strong>duas</strong></span> <span class='ocrx_word' id='word_1_192' title='bbox 758 3677 858 3740; x_wconf 90' lang='lat' dir='ltr'><strong>blidas</strong></span> <span class='ocrx_word' id='word_1_193' title='bbox 879 3689 910 3742; x_wconf 90' lang='lat' dir='ltr'><strong>et</strong></span> <span class='ocrx_word' id='word_1_194' title='bbox 931 3681 990 3743; x_wconf 90' lang='lat' dir='ltr'><strong>alia</strong></span> <span class='ocrx_word' id='word_1_195' title='bbox 1012 3683 1218 3745; x_wconf 86' lang='lat' dir='ltr'><strong>instrumenta</strong></span> <span class='ocrx_word' id='word_1_196' title='bbox 1239 3683 1374 3759; x_wconf 79' lang='lat' dir='ltr'><strong>bellica,</strong></span> 
     </span>
     <span class='ocr_line' id='line_1_29' title="bbox 209 3775 1374 3875; baseline 0.009 -32"><span class='ocrx_word' id='word_1_197' title='bbox 209 3775 211 3778; x_wconf 64' lang='grc'><strong>’</strong></span> <span class='ocrx_word' id='word_1_198' title='bbox 268 3780 383 3867; x_wconf 90' lang='lat' dir='ltr'><strong>quibus</strong></span> <span class='ocrx_word' id='word_1_199' title='bbox 413 3791 511 3845; x_wconf 89' lang='lat' dir='ltr'><strong>turres</strong></span> <span class='ocrx_word' id='word_1_200' title='bbox 541 3792 572 3844; x_wconf 90' lang='lat' dir='ltr'><strong>et</strong></span> <span class='ocrx_word' id='word_1_201' title='bbox 602 3802 708 3845; x_wconf 89' lang='lat' dir='ltr'><strong>muros</strong></span> <span class='ocrx_word' id='word_1_202' title='bbox 741 3782 946 3850; x_wconf 86' lang='lat' dir='ltr'><strong>demolientes</strong></span> <span class='ocrx_word' id='word_1_203' title='bbox 979 3799 1117 3853; x_wconf 87' lang='lat' dir='ltr'><strong>castrum</strong></span> <span class='ocrx_word' id='word_1_204' title='bbox 1151 3791 1218 3854; x_wconf 89' lang='lat' dir='ltr'><strong>sine</strong></span> <span class='ocrx_word' id='word_1_205' title='bbox 1239 3791 1374 3875; x_wconf 89' lang='lat' dir='ltr'><strong>respira·</strong></span> 
     </span>
     <span class='ocr_line' id='line_1_30' title="bbox 269 3891 1456 3974; baseline 0.008 -20"><span class='ocrx_word' id='word_1_206' title='bbox 269 3892 356 3956; x_wconf 90' lang='lat' dir='ltr'><strong>tione</strong></span> <span class='ocrx_word' id='word_1_207' title='bbox 388 3901 662 3974; x_wconf 84' lang='lat' dir='ltr'><strong>oppugnaverunt.</strong></span> <span class='ocrx_word' id='word_1_208' title='bbox 705 3891 836 3956; x_wconf 86' lang='lat' dir='ltr'><strong>Interim</strong></span> <span class='ocrx_word' id='word_1_209' title='bbox 868 3914 973 3959; x_wconf 90' lang='lat' dir='ltr'><strong>comes</strong></span> <span class='ocrx_word' id='word_1_210' title='bbox 1005 3897 1141 3962; x_wconf 88' lang='lat' dir='ltr'><strong>loannes</strong></span> <span class='ocrx_word' id='word_1_211' title='bbox 1162 3899 1371 3974; x_wconf 84' lang='lat' dir='ltr'><strong>Harmoniae,</strong></span> <span class='ocrx_word' id='word_1_212' title='bbox 1450 3901 1456 3910; x_wconf 85' lang='lat'><em>&#39;</em></span> 
     </span>
     <span class='ocr_line' id='line_1_31' title="bbox 267 3998 1373 4089; baseline 0.004 -26"><span class='ocrx_word' id='word_1_213' title='bbox 267 3999 442 4064; x_wconf 77' lang='lat' dir='ltr'><strong>vicecomes</strong></span> <span class='ocrx_word' id='word_1_214' title='bbox 472 3998 681 4074; x_wconf 87' lang='lat' dir='ltr'><strong>Hollandiae,</strong></span> <span class='ocrx_word' id='word_1_215' title='bbox 716 4000 860 4065; x_wconf 91' lang='lat' dir='ltr'><strong>adunato</strong></span> <span class='ocrx_word' id='word_1_216' title='bbox 890 4025 1010 4089; x_wconf 88' lang='lat' dir='ltr'><strong>magno</strong></span> <span class='ocrx_word' id='word_1_217' title='bbox 1031 4006 1065 4069; x_wconf 94' lang='lat' dir='ltr'><strong>in</strong></span> <span class='ocrx_word' id='word_1_218' title='bbox 1088 4007 1262 4070; x_wconf 87' lang='lat' dir='ltr'><strong>Hannonia</strong></span> <span class='ocrx_word' id='word_1_219' title='bbox 1284 4026 1373 4070; x_wconf 85' lang='lat' dir='ltr'><strong>exer·</strong></span> 
     </span>
     <span class='ocr_line' id='line_1_32' title="bbox 181 4107 1375 4193; baseline 0.007 -22"><span class='ocrx_word' id='word_1_220' title='bbox 181 4167 183 4171; x_wconf 87' lang='lat'>.</span> <span class='ocrx_word' id='word_1_221' title='bbox 269 4109 354 4181; x_wconf 89' lang='lat' dir='ltr'><strong>citu,</strong></span> <span class='ocrx_word' id='word_1_222' title='bbox 388 4107 484 4171; x_wconf 89' lang='lat' dir='ltr'><strong>classe</strong></span> <span class='ocrx_word' id='word_1_223' title='bbox 517 4107 668 4192; x_wconf 89' lang='lat' dir='ltr'><strong>applicuit</strong></span> <span class='ocrx_word' id='word_1_224' title='bbox 699 4107 908 4176; x_wconf 84' lang='lat' dir='ltr'><strong>Medenblick.</strong></span> <span class='ocrx_word' id='word_1_225' title='bbox 965 4112 1027 4193; x_wconf 89' lang='lat' dir='ltr'><strong>Qui</strong></span> <span class='ocrx_word' id='word_1_226' title='bbox 1059 4134 1131 4177; x_wconf 91' lang='lat' dir='ltr'><strong>curn</strong></span> <span class='ocrx_word' id='word_1_227' title='bbox 1161 4114 1261 4177; x_wconf 79' lang='lat' dir='ltr'><strong>Frisiis</strong></span> <span class='ocrx_word' id='word_1_228' title='bbox 1292 4134 1375 4179; x_wconf 90' lang='lat' dir='ltr'><strong>con·</strong></span> 
     </span>
     <span class='ocr_line' id='line_1_33' title="bbox 268 4215 1373 4304; baseline 0.009 -26"><span class='ocrx_word' id='word_1_229' title='bbox 268 4232 406 4298; x_wconf 85' lang='lat' dir='ltr'><strong>gressus,</strong></span> <span class='ocrx_word' id='word_1_230' title='bbox 438 4216 550 4280; x_wconf 89' lang='lat' dir='ltr'><strong>acriter</strong></span> <span class='ocrx_word' id='word_1_231' title='bbox 583 4215 659 4280; x_wconf 92' lang='lat' dir='ltr'><strong>binc</strong></span> <span class='ocrx_word' id='word_1_232' title='bbox 681 4225 710 4280; x_wconf 90' lang='lat' dir='ltr'><strong>et</strong></span> <span class='ocrx_word' id='word_1_233' title='bbox 732 4217 805 4282; x_wconf 91' lang='lat' dir='ltr'><strong>inde</strong></span> <span class='ocrx_word' id='word_1_234' title='bbox 826 4229 1003 4304; x_wconf 88' lang='lat' dir='ltr'><strong>pugnatum</strong></span> <span class='ocrx_word' id='word_1_235' title='bbox 1024 4231 1080 4289; x_wconf 91' lang='lat' dir='ltr'><strong>est.</strong></span> <span class='ocrx_word' id='word_1_236' title='bbox 1123 4221 1268 4286; x_wconf 86' lang='lat' dir='ltr'><strong>Tandem</strong></span> <span class='ocrx_word' id='word_1_237' title='bbox 1291 4243 1373 4288; x_wconf 79' lang='lat' dir='ltr'>xxxv</span> 
     </span>
    </p>
   </div>
   <div class='ocr_carea' id='block_1_5' title="bbox 0 0 1462 5150">
    <p class='ocr_par' dir='ltr' id='par_1_5' title="bbox 0 0 1462 5150">
     <span class='ocr_line' id='line_1_34' title="bbox 0 0 1462 5150; baseline 0 0"><span class='ocrx_word' id='word_1_238' title='bbox 0 0 1462 5150; x_wconf 95' lang='lat' dir='ltr'><strong> </strong></span> 
     </span>
    </p>
   </div>
  </div>
 </body>
</html>
