2916 5150
502 483 751 554 cunuulcott.
1120 488 1181 556 iffi

85 656 239 738 missoque
270 651 356 736 gravi
385 650 507 735 proelio
538 651 671 718 victorin
703 650 795 735 potiti
815 660 900 718 nant.
945 651 1023 718 Tum
1044 652 1181 718 incensis

25 783 28 790 ¹
82 761 193 846 pasdm
221 779 278 842 per
307 758 431 823 vicinos
450 757 535 826 vicos
557 757 687 824 aedibus
707 757 884 823 secundnm
904 779 1050 844 aggerem
1070 760 1182 827 Stare·

82 889 149 934 ram
179 864 433 939 contenderunt,
464 884 599 949 eamque
631 864 787 930 obsessam
816 877 847 930 et
869 867 1034 933 tormentis
1056 887 1181 952 oppug-

28 1025 30 1030 -
79 987 203 1051 urtam,
249 994 324 1040 cum
362 982 541 1040 commeatu
570 982 600 1036 et
633 972 760 1058 reliquis
788 973 880 1038 rebus
911 975 954 1040 ad
983 975 1182 1040 sustinendos

80 1083 179 1148 hostes
210 1101 281 1146 non
302 1081 376 1146 sotis
395 1080 542 1146 instructi
562 1080 643 1144 cives
663 1091 786 1157 emerit,
821 1081 984 1148 deditione
1005 1094 1179 1168 ceperunt,

80 1191 192 1258 civium
221 1188 286 1255 vite
317 1188 515 1272 fortunisque
548 1207 586 1252 ex
607 1197 705 1271 puoto
727 1191 930 1257 conservatis.
976 1190 1049 1273 Quo
1069 1191 1181 1276 reliqui

77 1298 170 1364 etiam
192 1295 276 1360 Frisii
297 1294 460 1360 venientes
481 1294 603 1360 reniam
623 1295 777 1379 petivere,
801 1306 899 1382 atque
920 1296 962 1360 ob
979 1295 1182 1364 Ostervontio

78 1407 242 1474 Guilielmo
261 1403 428 1470 obtinuere
450 1403 496 1468 his
517 1402 771 1472 conditionibus:
806 1405 834 1471 l.
855 1414 890 1470 ut
912 1405 997 1470 Frisii
1018 1405 1180 1471 ulbertum

77 1514 234 1596 Baverum
265 1512 460 1596 heredesque
489 1510 584 1596 ipsius
605 1531 694 1577 veros
716 1533 755 1577 ec
776 1513 934 1598 genuinos
954 1513 1105 1580 dominos
1124 1535 1181 1599 ag·

77 1631 266 1687 noscerent:
300 1621 341 1686 ll.
373 1629 409 1682 nt
431 1619 560 1684 Alberto
581 1619 811 1706 heredibusque
830 1625 895 1686 eius
915 1621 1101 1687 llollandiae
1122 1642 1181 1687 co·

77 1728 202 1794 mitibus
232 1727 406 1812 quotannis
438 1726 545 1791 tributi
576 1727 706 1794 nomine
726 1728 883 1794 solverent
903 1749 996 1794 senos
1016 1729 1183 1814 stupberoe

77 1837 111 1902 in
133 1835 272 1920 singulos
293 1834 416 1900 domos.
449 1833 572 1915 Quibus
593 1833 741 1900 omnibus
762 1837 955 1910 constitutis,
979 1841 1014 1900 in
1036 1835 1180 1900 obertum

74 1943 196 2017 relatis,
219 1940 321 2023 sigillo
340 1940 487 2014 munitis,
512 1941 688 2006 llollandus
708 1944 822 2024 possim
843 1944 976 2009 bellivos
991 1964 1078 2018 suos,
1096 1944 1181 2008 seul·

75 2059 153 2116 tetus
174 2059 207 2114 et
228 2056 367 2114 rectores
397 2047 551 2122 instituit,
585 2049 640 2132 qui
661 2050 792 2114 nomine
812 2069 869 2116 suo
889 2051 1088 2133 provinciam
1110 2072 1182 2115 om·

73 2177 146 2226 nem
177 2175 300 2222 rursum
331 2154 599 2220 administrarent.
642 2155 720 2220 'lum
750 2156 786 2219 in
819 2155 1023 2220 llollandiem
1056 2178 1178 2223 rursum

73 2264 240 2332 concessit.
292 2262 377 2328 Frisii
409 2261 483 2347 iugo
515 2261 627 2327 iterum
661 2272 818 2347 accepto,
849 2283 923 2327 curn
954 2265 1042 2329 nliter
1072 2266 1178 2331 tacere

72 2392 137 2438 non
167 2377 320 2454 possent,
350 2391 369 2432 a
398 2369 549 2453 patientie
571 2368 728 2434 medelum
749 2371 985 2455 quaedverunt.
1025 2371 1178 2436 llollandi

72 2499 144 2546 vero
175 2480 213 2542 in
242 2477 308 2542 dies
337 2499 376 2542 ex
407 2477 469 2541 hoc
501 2498 645 2543 successu
665 2478 886 2543 insolentiores
907 2479 1001 2553 lacti,
1036 2479 1177 2563 sceptice

71 2586 254 2672 [requenter
283 2584 324 2648 de
351 2585 452 2646 Frisiis
472 2585 571 2648 locuti
590 2577 696 2660 sunt,¹
719 2595 750 2648 et
771 2584 907 2650 libertati
928 2586 1054 2650 illorum
1074 2587 1177 2651 illuse-

70 2706 155 2759 runt.
201 2695 273 2774 Qua
294 2712 332 2756 ex
353 2713 388 2756 re
407 2691 491 2766 lites,
516 2690 608 2756 turba
629 2701 661 2754 et
682 2691 793 2756 caedas
813 2693 932 2756 multoe
951 2687 1063 2756 enatae
1082 2705 1174 2772 sunt;

71 2822 152 2888 quae
187 2801 220 2864 in
249 2800 416 2863 tumultum
447 2806 477 2862 et
505 2797 692 2862 seditionem
715 2808 831 2862 contro
853 2797 1062 2864 Hollnudicos
1081 2821 1177 2884 prae.

70 2910 169 2974 leutos
199 2905 331 2969 tandem
363 2903 529 2970 desierunt.
575 2904 655 2968 Nam
690 2905 800 2968 irritati
833 2905 1032 2970 contumeliis
1066 2906 1171 2985 Frisii,

71 3019 149 3082 initu
181 3014 416 3098 conspiratione
446 3013 655 3082 decreverunt
684 3024 738 3076 ant
767 3011 942 3076 libertatem
964 3033 1169 3096 recuperare,

71 3136 123 3189 aut
156 3143 269 3188 omues
299 3123 409 3187 emori.
452 3122 545 3188 Cuius
577 3121 695 3185 consilii
716 3131 748 3183 et
769 3119 888 3184 decreti
908 3118 1054 3184 authores
1073 3124 1171 3204 potis-

70 3233 136 3296 simi
167 3233 298 3295 fuerunt
329 3231 433 3293 Sixtus
463 3231 618 3302 Decuma,
655 3228 734 3291 Galo
766 3228 891 3292 Hunnin
912 3227 1105 3313 Westergoi,
1139 3240 1171 3294 et

70 3339 142 3404 Odo
165 3339 281 3404 Botnia
302 3335 485 3421 Ostergous,
508 3337 565 3420 qui
579 3321 723 3420 'reliquos
744 3335 862 3400 hortari
882 3356 951 3399 non
972 3335 1167 3414 destiterunt,

70 3449 177 3512 donec
208 3466 273 3509 rem
306 3445 516 3508 conficerent.
564 3441 767 3527 Quapropter
797 3462 887 3506 nnnc
917 3446 1061 3521 mcccci,
1092 3447 1169 3511 locis

70 3553 248 3619 constitutis
288 3548 528 3636 frequentissimi
578 3548 620 3618 ad
663 3549 753 3633 signu
797 3550 1021 3616 convenientes
1060 3552 1165 3628 Frisii,

68 3661 244 3746 praelectus
273 3670 303 3723 et
334 3658 531 3742 magistratus
550 3675 658 3720 omnes
678 3654 719 3719 ab
741 3657 904 3721 Hollaudis
923 3657 981 3722 sibi
1001 3658 1093 3722 datos
1113 3680 1167 3723 ex·

67 3771 194 3854 pulere;
227 3767 413 3853 reliquoque
441 3764 534 3828 Frisin
566 3772 752 3848 recuperata
776 3763 819 3827 nd
839 3764 995 3828 Stauriem
1017 3764 1166 3830 obsiden-

68 3876 161 3950 dam,
195 3894 280 3959 quae
310 3871 466 3957 praesidio
496 3870 688 3935 Hellandico
720 3869 906 3948 tenebatur,
938 3893 970 3938 se
990 3874 1165 3938 contulere.

69 3985 183 4067 ltaque
204 3981 312 4069 castris
324 3979 507 4044 Molclrweri
528 3988 642 4042 contre
663 3977 817 4063 oppidum
837 3979 983 4054 munitis,
1007 3980 1083 4043 dum
1104 3980 1166 4046 oh·

1 4125 2 4154 r
73 4090 229 4154 sidionem
251 4107 360 4172 urgeo,
394 4107 447 4177 ex¹
462 4083 627 4149 llollandia
657 4084 883 4170 Egmondenus
903 4094 934 4150 et
956 4085 1164 4153 brederodius

70 4217 143 4261 oum
165 4197 265 4281 copiis
285 4193 466 4260 militaribus
487 4192 601 4260 auxilio
623 4191 751 4260 obsessis
770 4203 945 4273 venerunt,
981 4205 1076 4282 utque
1097 4196 1161 4263 Fri·
