<?xml version="1.0" encoding="UTF-8"?>
<!DOCTYPE html PUBLIC "-//W3C//DTD XHTML 1.0 Transitional//EN"
    "http://www.w3.org/TR/xhtml1/DTD/xhtml1-transitional.dtd">
<html xmlns="http://www.w3.org/1999/xhtml" xml:lang="en" lang="en">
 <head>
  <title>
</title>
<meta http-equiv="Content-Type" content="text/html;charset=utf-8" />
  <meta name='ocr-system' content='tesseract 3.04.00' />
  <meta name='ocr-capabilities' content='ocr_page ocr_carea ocr_par ocr_line ocrx_word'/>
</head>
<body>
  <div class='ocr_page' id='page_1' title='image "./worperityaerdae00worpgoog_0175.png"; bbox 0 0 2916 5150; ppageno 0'>
   <div class='ocr_carea' id='block_1_1' title="bbox 511 470 1178 544">
    <p class='ocr_par' dir='ltr' id='par_1_1' title="bbox 511 470 1178 544">
     <span class='ocr_line' id='line_1_1' title="bbox 511 470 1178 544; baseline -0.015 0"><span class='ocrx_word' id='word_1_1' title='bbox 511 472 760 544; x_wconf 76' lang='lat' dir='ltr'><strong>cunultcott.</strong></span> <span class='ocrx_word' id='word_1_2' title='bbox 1117 470 1178 534; x_wconf 78' lang='lat' dir='ltr'><strong>tto</strong></span> 
     </span>
    </p>
   </div>
   <div class='ocr_carea' id='block_1_2' title="bbox 1 683 1178 860">
    <p class='ocr_par' dir='ltr' id='par_1_2' title="bbox 1 683 1178 860">
     <span class='ocr_line' id='line_1_2' title="bbox 1 683 1178 786; baseline -0.02 -21"><span class='ocrx_word' id='word_1_3' title='bbox 1 779 2 786; x_wconf 6' lang='grc' dir='ltr'>ἵ</span> <span class='ocrx_word' id='word_1_4' title='bbox 80 707 139 764; x_wconf 72' lang='lat' dir='ltr'><strong>ne</strong></span> <span class='ocrx_word' id='word_1_5' title='bbox 163 697 385 758; x_wconf 74' lang='lat' dir='ltr'><strong>rebellione</strong></span> <span class='ocrx_word' id='word_1_6' title='bbox 411 691 620 750; x_wconf 67' lang='lat' dir='ltr'><strong>castellani</strong></span> <span class='ocrx_word' id='word_1_7' title='bbox 647 687 920 748; x_wconf 77' lang='lat' dir='ltr'><strong>(tovordlenrls</strong></span> <span class='ocrx_word' id='word_1_8' title='bbox 947 683 1178 744; x_wconf 68' lang='lat' dir='ltr'><strong>etelstanus</strong></span> 
     </span>
     <span class='ocr_line' id='line_1_3' title="bbox 132 780 1126 860; baseline -0.019 -8"><span class='ocrx_word' id='word_1_9' title='bbox 132 787 408 860; x_wconf 66' lang='lat' dir='ltr'><strong>Gronlnuenslr</strong></span> <span class='ocrx_word' id='word_1_10' title='bbox 427 784 564 842; x_wconf 75' lang='lat' dir='ltr'><strong>contro</strong></span> <span class='ocrx_word' id='word_1_11' title='bbox 582 783 808 853; x_wconf 74' lang='lat' dir='ltr'><strong>episcopum</strong></span> <span class='ocrx_word' id='word_1_12' title='bbox 825 780 1126 837; x_wconf 62' lang='lat' dir='ltr'><strong>maleolensen.</strong></span> 
     </span>
    </p>
   </div>
   <div class='ocr_carea' id='block_1_3' title="bbox 511 980 750 1051">
    <p class='ocr_par' dir='ltr' id='par_1_3' title="bbox 511 980 750 1051">
     <span class='ocr_line' id='line_1_4' title="bbox 511 980 750 1051; baseline -0.021 0"><span class='ocrx_word' id='word_1_13' title='bbox 511 984 600 1051; x_wconf 81' lang='lat' dir='ltr'>CAP.</span> <span class='ocrx_word' id='word_1_14' title='bbox 622 980 750 1048; x_wconf 83' lang='lat' dir='ltr'><strong>xxvtt.</strong></span> 
     </span>
    </p>
   </div>
   <div class='ocr_carea' id='block_1_4' title="bbox 1 1179 1209 4185">
    <p class='ocr_par' dir='ltr' id='par_1_4' title="bbox 1 1179 1195 2582">
     <span class='ocr_line' id='line_1_5' title="bbox 1 1179 1184 1272; baseline -0.019 -8"><span class='ocrx_word' id='word_1_15' title='bbox 1 1187 2 1272; x_wconf 57' lang='lat' dir='ltr'>J</span> <span class='ocrx_word' id='word_1_16' title='bbox 121 1200 216 1261; x_wconf 82' lang='lat' dir='ltr'><strong>Auno</strong></span> <span class='ocrx_word' id='word_1_17' title='bbox 235 1189 359 1256; x_wconf 86' lang='lat' dir='ltr'>Domini</span> <span class='ocrx_word' id='word_1_18' title='bbox 380 1206 521 1258; x_wconf 82' lang='lat' dir='ltr'><strong>mccxxv,</strong></span> <span class='ocrx_word' id='word_1_19' title='bbox 545 1193 615 1248; x_wconf 92' lang='lat' dir='ltr'><strong>orta</strong></span> <span class='ocrx_word' id='word_1_20' title='bbox 636 1192 681 1246; x_wconf 88' lang='lat' dir='ltr'><strong>est</strong></span> <span class='ocrx_word' id='word_1_21' title='bbox 702 1203 817 1265; x_wconf 80' lang='lat' dir='ltr'><strong>magns</strong></span> <span class='ocrx_word' id='word_1_22' title='bbox 839 1181 985 1246; x_wconf 79' lang='lat' dir='ltr'><strong>dissensio</strong></span> <span class='ocrx_word' id='word_1_23' title='bbox 1007 1181 1039 1244; x_wconf 90' lang='lat' dir='ltr'><strong>in</strong></span> <span class='ocrx_word' id='word_1_24' title='bbox 1060 1179 1184 1244; x_wconf 82' lang='lat' dir='ltr'><strong>civitate</strong></span> 
     </span>
     <span class='ocr_line' id='line_1_6' title="bbox 78 1285 1185 1390; baseline -0.021 -17.626"><span class='ocrx_word' id='word_1_25' title='bbox 78 1299 310 1390; x_wconf 83' lang='lat' dir='ltr'><strong>Groningensi‚</strong></span> <span class='ocrx_word' id='word_1_26' title='bbox 341 1298 421 1362; x_wconf 86' lang='lat' dir='ltr'><strong>inter</strong></span> <span class='ocrx_word' id='word_1_27' title='bbox 452 1293 620 1378; x_wconf 81' lang='lat' dir='ltr'><strong>Egbertum</strong></span> <span class='ocrx_word' id='word_1_28' title='bbox 654 1291 848 1375; x_wconf 78' lang='lat' dir='ltr'><strong>praelectum</strong></span> <span class='ocrx_word' id='word_1_29' title='bbox 883 1288 991 1374; x_wconf 78' lang='lat' dir='ltr'><strong>(vulgo</strong></span> <span class='ocrx_word' id='word_1_30' title='bbox 1011 1285 1185 1372; x_wconf 76' lang='lat' dir='ltr'><strong>burchgra-</strong></span> 
     </span>
     <span class='ocr_line' id='line_1_7' title="bbox 1 1394 1185 1497; baseline -0.02 -15"><span class='ocrx_word' id='word_1_31' title='bbox 1 1423 2 1482; x_wconf 77' lang='lat' dir='ltr'><strong>t</strong></span> <span class='ocrx_word' id='word_1_32' title='bbox 78 1415 179 1497; x_wconf 84' lang='lat' dir='ltr'><strong>vium)</strong></span> <span class='ocrx_word' id='word_1_33' title='bbox 193 1409 437 1494; x_wconf 84' lang='lat' dir='ltr'><strong>Groningensem</strong></span> <span class='ocrx_word' id='word_1_34' title='bbox 454 1411 485 1467; x_wconf 86' lang='lat' dir='ltr'><strong>et</strong></span> <span class='ocrx_word' id='word_1_35' title='bbox 497 1398 703 1484; x_wconf 85' lang='lat' dir='ltr'><strong>Rodolphum</strong></span> <span class='ocrx_word' id='word_1_36' title='bbox 722 1398 930 1462; x_wconf 86' lang='lat' dir='ltr'><strong>castellanum</strong></span> <span class='ocrx_word' id='word_1_37' title='bbox 947 1396 988 1461; x_wconf 88' lang='lat' dir='ltr'><strong>de</strong></span> <span class='ocrx_word' id='word_1_38' title='bbox 999 1394 1185 1461; x_wconf 81' lang='lat' dir='ltr'><strong>Corordise.</strong></span> 
     </span>
     <span class='ocr_line' id='line_1_8' title="bbox 78 1501 1187 1604; baseline -0.021 -17"><span class='ocrx_word' id='word_1_39' title='bbox 78 1520 179 1604; x_wconf 84' lang='lat' dir='ltr'><strong>Quod</strong></span> <span class='ocrx_word' id='word_1_40' title='bbox 210 1517 339 1582; x_wconf 87' lang='lat' dir='ltr'><strong>audiens</strong></span> <span class='ocrx_word' id='word_1_41' title='bbox 370 1512 446 1578; x_wconf 91' lang='lat' dir='ltr'><strong>Otto</strong></span> <span class='ocrx_word' id='word_1_42' title='bbox 473 1508 564 1574; x_wconf 79' lang='lat' dir='ltr'><strong>xxxiv</strong></span> <span class='ocrx_word' id='word_1_43' title='bbox 585 1507 753 1591; x_wconf 89' lang='lat' dir='ltr'><strong>episcopus</strong></span> <span class='ocrx_word' id='word_1_44' title='bbox 772 1504 978 1570; x_wconf 85' lang='lat' dir='ltr'><strong>Traiectensis</strong></span> <span class='ocrx_word' id='word_1_45' title='bbox 999 1501 1085 1570; x_wconf 83' lang='lat' dir='ltr'><strong>veuit</strong></span> <span class='ocrx_word' id='word_1_46' title='bbox 1106 1503 1187 1566; x_wconf 89' lang='lat' dir='ltr'><strong>Gro-</strong></span> 
     </span>
     <span class='ocr_line' id='line_1_9' title="bbox 78 1611 1188 1713; baseline -0.019 -19"><span class='ocrx_word' id='word_1_47' title='bbox 78 1631 203 1713; x_wconf 79' lang='lat' dir='ltr'><strong>niageu</strong></span> <span class='ocrx_word' id='word_1_48' title='bbox 223 1645 297 1690; x_wconf 87' lang='lat' dir='ltr'><strong>cum</strong></span> <span class='ocrx_word' id='word_1_49' title='bbox 318 1640 418 1686; x_wconf 89' lang='lat' dir='ltr'><strong>manu</strong></span> <span class='ocrx_word' id='word_1_50' title='bbox 438 1618 561 1690; x_wconf 80' lang='lat' dir='ltr'><strong>valida,</strong></span> <span class='ocrx_word' id='word_1_51' title='bbox 593 1625 624 1678; x_wconf 88' lang='lat' dir='ltr'><strong>et</strong></span> <span class='ocrx_word' id='word_1_52' title='bbox 646 1615 718 1678; x_wconf 82' lang='lat' dir='ltr'><strong>iecit</strong></span> <span class='ocrx_word' id='word_1_53' title='bbox 740 1633 852 1696; x_wconf 83' lang='lat' dir='ltr'><strong>pacem</strong></span> <span class='ocrx_word' id='word_1_54' title='bbox 874 1611 1062 1687; x_wconf 84' lang='lat' dir='ltr'><strong>interillos,</strong></span> <span class='ocrx_word' id='word_1_55' title='bbox 1094 1631 1188 1696; x_wconf 88' lang='lat' dir='ltr'><strong>prae·</strong></span> 
     </span>
     <span class='ocr_line' id='line_1_10' title="bbox 79 1718 1189 1822; baseline -0.02 -18"><span class='ocrx_word' id='word_1_56' title='bbox 79 1739 232 1822; x_wconf 88' lang='lat' dir='ltr'><strong>cepitque</strong></span> <span class='ocrx_word' id='word_1_57' title='bbox 254 1732 394 1816; x_wconf 86' lang='lat' dir='ltr'><strong>utrisque</strong></span> <span class='ocrx_word' id='word_1_58' title='bbox 414 1726 618 1794; x_wconf 85' lang='lat' dir='ltr'><strong>conditiones</strong></span> <span class='ocrx_word' id='word_1_59' title='bbox 638 1727 760 1786; x_wconf 83' lang='lat' dir='ltr'><strong>serv&#39;sre</strong></span> <span class='ocrx_word' id='word_1_60' title='bbox 780 1719 868 1805; x_wconf 88' lang='lat' dir='ltr'><strong>pacis</strong></span> <span class='ocrx_word' id='word_1_61' title='bbox 888 1731 919 1784; x_wconf 87' lang='lat' dir='ltr'><strong>et</strong></span> <span class='ocrx_word' id='word_1_62' title='bbox 940 1719 1073 1784; x_wconf 87' lang='lat' dir='ltr'><strong>recessit.</strong></span> <span class='ocrx_word' id='word_1_63' title='bbox 1115 1718 1189 1799; x_wconf 84' lang='lat' dir='ltr'><strong>Quo</strong></span> 
     </span>
     <span class='ocr_line' id='line_1_11' title="bbox 1 1825 1191 1940; baseline -0.023 -26"><span class='ocrx_word' id='word_1_64' title='bbox 1 1915 2 1940; x_wconf 22' lang='grc' dir='ltr'>ἶ</span> <span class='ocrx_word' id='word_1_65' title='bbox 79 1845 253 1912; x_wconf 75' lang='lat' dir='ltr'><strong>recedente</strong></span> <span class='ocrx_word' id='word_1_66' title='bbox 274 1839 360 1906; x_wconf 83' lang='lat' dir='ltr'><strong>venit</strong></span> <span class='ocrx_word' id='word_1_67' title='bbox 378 1833 567 1919; x_wconf 84' lang='lat' dir='ltr'><strong>Rodolpbus</strong></span> <span class='ocrx_word' id='word_1_68' title='bbox 587 1831 774 1898; x_wconf 85' lang='lat' dir='ltr'><strong>castellanus</strong></span> <span class='ocrx_word' id='word_1_69' title='bbox 792 1828 968 1894; x_wconf 86' lang='lat' dir='ltr'><strong>Govordiae</strong></span> <span class='ocrx_word' id='word_1_70' title='bbox 988 1836 1019 1890; x_wconf 89' lang='lat' dir='ltr'><strong>et</strong></span> <span class='ocrx_word' id='word_1_71' title='bbox 1040 1825 1191 1889; x_wconf 73' lang='lat' dir='ltr'><strong>destruxit</strong></span> 
     </span>
     <span class='ocr_line' id='line_1_12' title="bbox 1 1931 1192 2034; baseline -0.022 -13"><span class='ocrx_word' id='word_1_72' title='bbox 1 1943 2 1979; x_wconf 26' lang='lat' dir='ltr'><strong>i</strong></span> <span class='ocrx_word' id='word_1_73' title='bbox 80 1955 217 2018; x_wconf 88' lang='lat' dir='ltr'><strong>domum</strong></span> <span class='ocrx_word' id='word_1_74' title='bbox 239 1947 388 2034; x_wconf 82' lang='lat' dir='ltr'><strong>praefecti</strong></span> <span class='ocrx_word' id='word_1_75' title='bbox 401 1943 542 2031; x_wconf 79' lang='lat' dir='ltr'><strong>Egberti,</strong></span> <span class='ocrx_word' id='word_1_76' title='bbox 560 1961 658 2025; x_wconf 87' lang='lat' dir='ltr'><strong>quam</strong></span> <span class='ocrx_word' id='word_1_77' title='bbox 679 1938 790 2001; x_wconf 87' lang='lat' dir='ltr'><strong>habuit</strong></span> <span class='ocrx_word' id='word_1_78' title='bbox 811 1939 895 2000; x_wconf 88' lang='lat' dir='ltr'><strong>iuxta</strong></span> <span class='ocrx_word' id='word_1_79' title='bbox 907 1938 1048 2001; x_wconf 83' lang='lat' dir='ltr'><strong>flamme.</strong></span> <span class='ocrx_word' id='word_1_80' title='bbox 1072 1931 1192 1997; x_wconf 79' lang='lat' dir='ltr'><strong>Deinde</strong></span> 
     </span>
     <span class='ocr_line' id='line_1_13' title="bbox 80 2042 1193 2141; baseline -0.024 -13"><span class='ocrx_word' id='word_1_81' title='bbox 80 2082 157 2128; x_wconf 89' lang='lat' dir='ltr'><strong>cum</strong></span> <span class='ocrx_word' id='word_1_82' title='bbox 178 2058 317 2122; x_wconf 85' lang='lat' dir='ltr'><strong>exercitu</strong></span> <span class='ocrx_word' id='word_1_83' title='bbox 337 2057 493 2141; x_wconf 82' lang='lat' dir='ltr'><strong>ingressus</strong></span> <span class='ocrx_word' id='word_1_84' title='bbox 514 2049 720 2133; x_wconf 70' lang='lat' dir='ltr'><strong>(irmingart,</strong></span> <span class='ocrx_word' id='word_1_85' title='bbox 746 2054 840 2128; x_wconf 89' lang='lat' dir='ltr'><strong>rupto</strong></span> <span class='ocrx_word' id='word_1_86' title='bbox 864 2045 951 2126; x_wconf 82' lang='lat' dir='ltr'><strong>pacis</strong></span> <span class='ocrx_word' id='word_1_87' title='bbox 973 2042 1118 2117; x_wconf 82' lang='lat' dir='ltr'><strong>loedere,</strong></span> <span class='ocrx_word' id='word_1_88' title='bbox 1141 2060 1193 2104; x_wconf 88' lang='lat' dir='ltr'><strong>ar-</strong></span> 
     </span>
     <span class='ocr_line' id='line_1_14' title="bbox 1 2149 1194 2248; baseline -0.024 -10"><span class='ocrx_word' id='word_1_89' title='bbox 1 2185 2 2230; x_wconf 69' lang='lat'><em>}</em></span> <span class='ocrx_word' id='word_1_90' title='bbox 80 2180 171 2236; x_wconf 84' lang='lat' dir='ltr'><strong>muta</strong></span> <span class='ocrx_word' id='word_1_91' title='bbox 190 2186 285 2232; x_wconf 84' lang='lat' dir='ltr'><strong>manu</strong></span> <span class='ocrx_word' id='word_1_92' title='bbox 306 2163 427 2248; x_wconf 83' lang='lat' dir='ltr'><strong>pepulit</strong></span> <span class='ocrx_word' id='word_1_93' title='bbox 441 2158 610 2244; x_wconf 82' lang='lat' dir='ltr'><strong>Egbertum</strong></span> <span class='ocrx_word' id='word_1_94' title='bbox 630 2153 766 2218; x_wconf 79' lang='lat' dir='ltr'><strong>civitate.</strong></span> <span class='ocrx_word' id='word_1_95' title='bbox 798 2149 948 2236; x_wconf 80' lang='lat' dir='ltr'><strong>Egbertus</strong></span> <span class='ocrx_word' id='word_1_96' title='bbox 966 2159 1072 2213; x_wconf 85' lang='lat' dir='ltr'><strong>sutem</strong></span> <span class='ocrx_word' id='word_1_97' title='bbox 1083 2149 1194 2232; x_wconf 87' lang='lat' dir='ltr'><strong>expul-</strong></span> 
     </span>
     <span class='ocr_line' id='line_1_15' title="bbox 83 2257 1193 2347; baseline -0.019 -6"><span class='ocrx_word' id='word_1_98' title='bbox 83 2297 134 2342; x_wconf 88' lang='lat' dir='ltr'><strong>sus</strong></span> <span class='ocrx_word' id='word_1_99' title='bbox 167 2273 313 2347; x_wconf 84' lang='lat' dir='ltr'><strong>civitate,</strong></span> <span class='ocrx_word' id='word_1_100' title='bbox 347 2269 469 2336; x_wconf 86' lang='lat' dir='ltr'><strong>secessit</strong></span> <span class='ocrx_word' id='word_1_101' title='bbox 490 2265 531 2330; x_wconf 86' lang='lat' dir='ltr'><strong>ad</strong></span> <span class='ocrx_word' id='word_1_102' title='bbox 554 2264 715 2332; x_wconf 80' lang='lat' dir='ltr'><strong>Frisones.</strong></span> <span class='ocrx_word' id='word_1_103' title='bbox 749 2268 779 2322; x_wconf 88' lang='lat' dir='ltr'><strong>et</strong></span> <span class='ocrx_word' id='word_1_104' title='bbox 801 2277 1002 2342; x_wconf 77' lang='lat' dir='ltr'><strong>congregans</strong></span> <span class='ocrx_word' id='word_1_105' title='bbox 1021 2257 1193 2321; x_wconf 84' lang='lat' dir='ltr'><strong>exercitum</strong></span> 
     </span>
     <span class='ocr_line' id='line_1_16' title="bbox 82 2366 1195 2452; baseline -0.02 0"><span class='ocrx_word' id='word_1_106' title='bbox 82 2384 225 2452; x_wconf 77' lang='lat' dir='ltr'><strong>validum</strong></span> <span class='ocrx_word' id='word_1_107' title='bbox 236 2381 399 2445; x_wconf 68' lang='lat' dir='ltr'><strong>frisonum</strong></span> <span class='ocrx_word' id='word_1_108' title='bbox 421 2374 541 2440; x_wconf 75' lang='lat' dir='ltr'><strong>obsedit</strong></span> <span class='ocrx_word' id='word_1_109' title='bbox 562 2371 719 2438; x_wconf 81' lang='lat' dir='ltr'><strong>civitatem</strong></span> <span class='ocrx_word' id='word_1_110' title='bbox 737 2367 932 2452; x_wconf 81' lang='lat' dir='ltr'><strong>Groningen‚</strong></span> <span class='ocrx_word' id='word_1_111' title='bbox 955 2367 1039 2430; x_wconf 87' lang='lat' dir='ltr'><strong>illam</strong></span> <span class='ocrx_word' id='word_1_112' title='bbox 1051 2366 1195 2451; x_wconf 72' lang='lat' dir='ltr'><strong>quotidie</strong></span> 
     </span>
     <span class='ocr_line' id='line_1_17' title="bbox 84 2473 1195 2574; baseline -0.019 -15.599"><span class='ocrx_word' id='word_1_113' title='bbox 84 2492 208 2558; x_wconf 80' lang='lat' dir='ltr'><strong>fortiter</strong></span> <span class='ocrx_word' id='word_1_114' title='bbox 228 2491 430 2574; x_wconf 84' lang='lat' dir='ltr'><strong>impugnans.</strong></span> <span class='ocrx_word' id='word_1_115' title='bbox 472 2478 662 2563; x_wconf 86' lang='lat' dir='ltr'><strong>Rodolphus</strong></span> <span class='ocrx_word' id='word_1_116' title='bbox 690 2477 876 2542; x_wconf 82' lang='lat' dir='ltr'><strong>castellanus</strong></span> <span class='ocrx_word' id='word_1_117' title='bbox 896 2484 1013 2539; x_wconf 88' lang='lat' dir='ltr'><strong>contra</strong></span> <span class='ocrx_word' id='word_1_118' title='bbox 1034 2473 1195 2560; x_wconf 85' lang='lat' dir='ltr'><strong>quotidia-</strong></span> 
     </span>
    </p>

    <p class='ocr_par' dir='ltr' id='par_1_5' title="bbox 1 2581 1198 3230">
     <span class='ocr_line' id='line_1_18' title="bbox 86 2581 1196 2683; baseline -0.021 -17"><span class='ocrx_word' id='word_1_119' title='bbox 86 2623 166 2667; x_wconf 87' lang='lat' dir='ltr'><strong>nsm</strong></span> <span class='ocrx_word' id='word_1_120' title='bbox 195 2597 467 2683; x_wconf 82' lang='lat' dir='ltr'><strong>oppugnationem</strong></span> <span class='ocrx_word' id='word_1_121' title='bbox 498 2589 664 2652; x_wconf 85' lang='lat' dir='ltr'><strong>Frisonum</strong></span> <span class='ocrx_word' id='word_1_122' title='bbox 696 2585 854 2648; x_wconf 83' lang='lat' dir='ltr'><strong>civitatem</strong></span> <span class='ocrx_word' id='word_1_123' title='bbox 884 2581 1051 2646; x_wconf 79' lang='lat' dir='ltr'><strong>defendere</strong></span> <span class='ocrx_word' id='word_1_124' title='bbox 1083 2583 1196 2666; x_wconf 81' lang='lat' dir='ltr'><strong>despe-</strong></span> 
     </span>
     <span class='ocr_line' id='line_1_19' title="bbox 85 2688 1195 2784; baseline -0.018 -10"><span class='ocrx_word' id='word_1_125' title='bbox 85 2729 183 2784; x_wconf 86' lang='lat' dir='ltr'><strong>rans,</strong></span> <span class='ocrx_word' id='word_1_126' title='bbox 216 2706 322 2771; x_wconf 88' lang='lat' dir='ltr'><strong>relicta</strong></span> <span class='ocrx_word' id='word_1_127' title='bbox 345 2703 492 2777; x_wconf 84' lang='lat' dir='ltr'><strong>civitate,</strong></span> <span class='ocrx_word' id='word_1_128' title='bbox 526 2693 634 2779; x_wconf 80' lang='lat' dir='ltr'><strong>effugit</strong></span> <span class='ocrx_word' id='word_1_129' title='bbox 656 2712 730 2756; x_wconf 92' lang='lat' dir='ltr'><strong>cum</strong></span> <span class='ocrx_word' id='word_1_130' title='bbox 751 2689 863 2751; x_wconf 88' lang='lat' dir='ltr'><strong>suiset</strong></span> <span class='ocrx_word' id='word_1_131' title='bbox 886 2689 971 2750; x_wconf 85' lang='lat' dir='ltr'><strong>venit</strong></span> <span class='ocrx_word' id='word_1_132' title='bbox 993 2688 1195 2754; x_wconf 83' lang='lat' dir='ltr'><strong>Covordiam.</strong></span> 
     </span>
     <span class='ocr_line' id='line_1_20' title="bbox 86 2797 1197 2885; baseline -0.022 -1"><span class='ocrx_word' id='word_1_133' title='bbox 86 2819 234 2885; x_wconf 77' lang='lat' dir='ltr'><strong>Frisones</strong></span> <span class='ocrx_word' id='word_1_134' title='bbox 266 2825 371 2878; x_wconf 88' lang='lat' dir='ltr'><strong>autem</strong></span> <span class='ocrx_word' id='word_1_135' title='bbox 400 2821 500 2873; x_wconf 88' lang='lat' dir='ltr'><strong>totam</strong></span> <span class='ocrx_word' id='word_1_136' title='bbox 522 2805 679 2872; x_wconf 83' lang='lat' dir='ltr'><strong>civitatem</strong></span> <span class='ocrx_word' id='word_1_137' title='bbox 701 2797 948 2881; x_wconf 81' lang='lat' dir='ltr'><strong>depoputanus.</strong></span> <span class='ocrx_word' id='word_1_138' title='bbox 981 2815 1052 2858; x_wconf 86' lang='lat' dir='ltr'><strong>eam</strong></span> <span class='ocrx_word' id='word_1_139' title='bbox 1073 2806 1197 2878; x_wconf 87' lang='lat' dir='ltr'><strong>praeter</strong></span> 
     </span>
     <span class='ocr_line' id='line_1_21' title="bbox 1 2901 1197 3014; baseline -0.023 -20"><span class='ocrx_word' id='word_1_140' title='bbox 1 3007 2 3012; x_wconf 8' lang='grc' dir='ltr'>γ</span> <span class='ocrx_word' id='word_1_141' title='bbox 86 2944 212 3014; x_wconf 86' lang='lat' dir='ltr'><strong>paucas</strong></span> <span class='ocrx_word' id='word_1_142' title='bbox 241 2921 354 2986; x_wconf 90' lang='lat' dir='ltr'><strong>domos</strong></span> <span class='ocrx_word' id='word_1_143' title='bbox 386 2919 460 3002; x_wconf 85' lang='lat' dir='ltr'><strong>igne</strong></span> <span class='ocrx_word' id='word_1_144' title='bbox 493 2915 791 2980; x_wconf 86' lang='lat' dir='ltr'><strong>concremaverunt.</strong></span> <span class='ocrx_word' id='word_1_145' title='bbox 837 2902 949 2966; x_wconf 82' lang='lat' dir='ltr'><strong>Statim</strong></span> <span class='ocrx_word' id='word_1_146' title='bbox 971 2901 1122 2988; x_wconf 85' lang='lat' dir='ltr'><strong>Egbertus</strong></span> <span class='ocrx_word' id='word_1_147' title='bbox 1143 2924 1197 2968; x_wconf 88' lang='lat' dir='ltr'><strong>ec·</strong></span> 
     </span>
     <span class='ocr_line' id='line_1_22' title="bbox 1 3009 1197 3106; baseline -0.025 -2"><span class='ocrx_word' id='word_1_148' title='bbox 1 3025 2 3074; x_wconf 56' lang='lat'>³</span> <span class='ocrx_word' id='word_1_149' title='bbox 87 3033 218 3102; x_wconf 85' lang='lat' dir='ltr'><strong>clesism</strong></span> <span class='ocrx_word' id='word_1_150' title='bbox 240 3029 351 3094; x_wconf 66' lang='lat' dir='ltr'><strong>beatam</strong></span> <span class='ocrx_word' id='word_1_151' title='bbox 372 3023 550 3106; x_wconf 82' lang='lat' dir='ltr'><strong>Walburgis</strong></span> <span class='ocrx_word' id='word_1_152' title='bbox 571 3019 602 3082; x_wconf 93' lang='lat' dir='ltr'><strong>in</strong></span> <span class='ocrx_word' id='word_1_153' title='bbox 624 3015 754 3080; x_wconf 89' lang='lat' dir='ltr'><strong>modum</strong></span> <span class='ocrx_word' id='word_1_154' title='bbox 773 3011 866 3076; x_wconf 84' lang='lat' dir='ltr'><strong>castri</strong></span> <span class='ocrx_word' id='word_1_155' title='bbox 885 3009 1030 3086; x_wconf 85' lang='lat' dir='ltr'><strong>munivit,</strong></span> <span class='ocrx_word' id='word_1_156' title='bbox 1045 3011 1197 3094; x_wconf 85' lang='lat' dir='ltr'><strong>reliquam</strong></span> 
     </span>
     <span class='ocr_line' id='line_1_23' title="bbox 86 3119 1198 3230; baseline -0.023 -23"><span class='ocrx_word' id='word_1_157' title='bbox 86 3150 217 3230; x_wconf 87' lang='lat' dir='ltr'><strong>partem</strong></span> <span class='ocrx_word' id='word_1_158' title='bbox 237 3135 369 3202; x_wconf 82' lang='lat' dir='ltr'><strong>civitatis</strong></span> <span class='ocrx_word' id='word_1_159' title='bbox 390 3141 516 3198; x_wconf 83' lang='lat' dir='ltr'><strong>exustae</strong></span> <span class='ocrx_word' id='word_1_160' title='bbox 536 3137 568 3191; x_wconf 88' lang='lat' dir='ltr'><strong>et</strong></span> <span class='ocrx_word' id='word_1_161' title='bbox 588 3119 817 3189; x_wconf 89' lang='lat' dir='ltr'><strong>habitatoribus</strong></span> <span class='ocrx_word' id='word_1_162' title='bbox 838 3139 938 3203; x_wconf 86' lang='lat' dir='ltr'><strong>paene</strong></span> <span class='ocrx_word' id='word_1_163' title='bbox 951 3139 1070 3184; x_wconf 84' lang='lat' dir='ltr'><strong>vacuae</strong></span> <span class='ocrx_word' id='word_1_164' title='bbox 1090 3119 1198 3184; x_wconf 86' lang='lat' dir='ltr'><strong>defen·</strong></span> 
     </span>
    </p>

    <p class='ocr_par' dir='ltr' id='par_1_6' title="bbox 1 3225 1209 4185">
     <span class='ocr_line' id='line_1_24' title="bbox 90 3225 1199 3332; baseline -0.023 -15"><span class='ocrx_word' id='word_1_165' title='bbox 90 3253 168 3317; x_wconf 87' lang='lat' dir='ltr'><strong>dere</strong></span> <span class='ocrx_word' id='word_1_166' title='bbox 200 3242 389 3332; x_wconf 73' lang='lat' dir='ltr'><strong>proponit.‘</strong></span> <span class='ocrx_word' id='word_1_167' title='bbox 408 3238 472 3303; x_wconf 86' lang='lat' dir='ltr'><strong>Sed</strong></span> <span class='ocrx_word' id='word_1_168' title='bbox 501 3231 694 3319; x_wconf 78' lang='lat' dir='ltr'><strong>paucissimis</strong></span> <span class='ocrx_word' id='word_1_169' title='bbox 720 3227 910 3311; x_wconf 78' lang='lat' dir='ltr'><strong>interpositis</strong></span> <span class='ocrx_word' id='word_1_170' title='bbox 931 3225 1041 3290; x_wconf 85' lang='lat' dir='ltr'><strong>diebus</strong></span> <span class='ocrx_word' id='word_1_171' title='bbox 1062 3249 1199 3314; x_wconf 80' lang='lat' dir='ltr'><strong>congre·</strong></span> 
     </span>
     <span class='ocr_line' id='line_1_25' title="bbox 89 3335 1200 3448; baseline -0.023 -25"><span class='ocrx_word' id='word_1_172' title='bbox 89 3379 171 3448; x_wconf 81' lang='lat' dir='ltr'><strong>gaus</strong></span> <span class='ocrx_word' id='word_1_173' title='bbox 194 3350 382 3436; x_wconf 83' lang='lat' dir='ltr'><strong>Rodolphus</strong></span> <span class='ocrx_word' id='word_1_174' title='bbox 404 3345 589 3413; x_wconf 84' lang='lat' dir='ltr'><strong>castellanus</strong></span> <span class='ocrx_word' id='word_1_175' title='bbox 610 3357 734 3403; x_wconf 85' lang='lat' dir='ltr'><strong>omnem</strong></span> <span class='ocrx_word' id='word_1_176' title='bbox 758 3337 903 3399; x_wconf 75' lang='lat' dir='ltr'><strong>brentam</strong></span> <span class='ocrx_word' id='word_1_177' title='bbox 924 3335 1063 3400; x_wconf 87' lang='lat' dir='ltr'><strong>exercitu</strong></span> <span class='ocrx_word' id='word_1_178' title='bbox 1085 3356 1200 3420; x_wconf 84' lang='lat' dir='ltr'><strong>magno</strong></span> 
     </span>
     <span class='ocr_line' id='line_1_26' title="bbox 1 3443 1202 3553; baseline -0.023 -18"><span class='ocrx_word' id='word_1_179' title='bbox 1 3525 2 3546; x_wconf 46' lang='lat'><em>2</em></span> <span class='ocrx_word' id='word_1_180' title='bbox 91 3479 195 3553; x_wconf 84' lang='lat' dir='ltr'><strong>atque</strong></span> <span class='ocrx_word' id='word_1_181' title='bbox 224 3462 297 3525; x_wconf 90' lang='lat' dir='ltr'><strong>forti</strong></span> <span class='ocrx_word' id='word_1_182' title='bbox 319 3456 441 3523; x_wconf 89' lang='lat' dir='ltr'><strong>obsedit</strong></span> <span class='ocrx_word' id='word_1_183' title='bbox 463 3453 619 3517; x_wconf 84' lang='lat' dir='ltr'><strong>civitatem</strong></span> <span class='ocrx_word' id='word_1_184' title='bbox 641 3445 848 3529; x_wconf 66' lang='lat' dir='ltr'><strong>(huningen,</strong></span> <span class='ocrx_word' id='word_1_185' title='bbox 883 3443 951 3505; x_wconf 87' lang='lat' dir='ltr'><strong>siue</strong></span> <span class='ocrx_word' id='word_1_186' title='bbox 970 3443 1202 3507; x_wconf 87' lang='lat' dir='ltr'><strong>intermissione</strong></span> 
     </span>
     <span class='ocr_line' id='line_1_27' title="bbox 91 3549 1202 3654; baseline -0.026 -11"><span class='ocrx_word' id='word_1_187' title='bbox 91 3578 183 3643; x_wconf 88' lang='lat' dir='ltr'><strong>illam</strong></span> <span class='ocrx_word' id='word_1_188' title='bbox 213 3572 415 3654; x_wconf 80' lang='lat' dir='ltr'><strong>impugnans.</strong></span> <span class='ocrx_word' id='word_1_189' title='bbox 458 3561 550 3624; x_wconf 88' lang='lat' dir='ltr'><strong>Tunc</strong></span> <span class='ocrx_word' id='word_1_190' title='bbox 582 3555 659 3619; x_wconf 88' lang='lat' dir='ltr'><strong>Otto</strong></span> <span class='ocrx_word' id='word_1_191' title='bbox 681 3552 866 3636; x_wconf 83' lang='lat' dir='ltr'><strong>episcopus.</strong></span> <span class='ocrx_word' id='word_1_192' title='bbox 893 3549 1003 3613; x_wconf 84' lang='lat' dir='ltr'><strong>sudito</strong></span> <span class='ocrx_word' id='word_1_193' title='bbox 1024 3549 1202 3614; x_wconf 89' lang='lat' dir='ltr'><strong>huiusmodi</strong></span> 
     </span>
     <span class='ocr_line' id='line_1_28' title="bbox 1 3656 1205 3757; baseline -0.024 -4"><span class='ocrx_word' id='word_1_194' title='bbox 1 3691 2 3700; x_wconf 77' lang='grc'>’</span> <span class='ocrx_word' id='word_1_195' title='bbox 94 3701 234 3757; x_wconf 87' lang='lat' dir='ltr'><strong>rumore,</strong></span> <span class='ocrx_word' id='word_1_196' title='bbox 259 3675 301 3742; x_wconf 87' lang='lat' dir='ltr'><strong>ab</strong></span> <span class='ocrx_word' id='word_1_197' title='bbox 321 3671 466 3739; x_wconf 91' lang='lat' dir='ltr'><strong>omnibus</strong></span> <span class='ocrx_word' id='word_1_198' title='bbox 487 3669 550 3732; x_wconf 84' lang='lat' dir='ltr'><strong>lere</strong></span> <span class='ocrx_word' id='word_1_199' title='bbox 562 3658 764 3731; x_wconf 84' lang='lat' dir='ltr'><strong>vicinioribus</strong></span> <span class='ocrx_word' id='word_1_200' title='bbox 783 3656 938 3741; x_wconf 88' lang='lat' dir='ltr'><strong>episcopis</strong></span> <span class='ocrx_word' id='word_1_201' title='bbox 958 3667 988 3721; x_wconf 87' lang='lat' dir='ltr'><strong>et</strong></span> <span class='ocrx_word' id='word_1_202' title='bbox 1008 3657 1205 3743; x_wconf 86' lang='lat' dir='ltr'><strong>principibus</strong></span> 
     </span>
     <span class='ocr_line' id='line_1_29' title="bbox 96 3766 1204 3867; baseline -0.025 -7"><span class='ocrx_word' id='word_1_203' title='bbox 96 3788 317 3860; x_wconf 87' lang='lat' dir='ltr'><strong>subsidiarium</strong></span> <span class='ocrx_word' id='word_1_204' title='bbox 353 3779 517 3867; x_wconf 89' lang='lat' dir='ltr'><strong>postulans</strong></span> <span class='ocrx_word' id='word_1_205' title='bbox 539 3774 709 3839; x_wconf 82' lang='lat' dir='ltr'><strong>exercitum</strong></span> <span class='ocrx_word' id='word_1_206' title='bbox 730 3778 762 3832; x_wconf 89' lang='lat' dir='ltr'><strong>et</strong></span> <span class='ocrx_word' id='word_1_207' title='bbox 784 3766 963 3850; x_wconf 82' lang='lat' dir='ltr'><strong>accipiens,</strong></span> <span class='ocrx_word' id='word_1_208' title='bbox 999 3789 1061 3833; x_wconf 88' lang='lat' dir='ltr'><strong>nec</strong></span> <span class='ocrx_word' id='word_1_209' title='bbox 1083 3790 1153 3832; x_wconf 88' lang='lat' dir='ltr'><strong>non</strong></span> <span class='ocrx_word' id='word_1_210' title='bbox 1173 3779 1204 3834; x_wconf 88' lang='lat' dir='ltr'><strong>et</strong></span> 
     </span>
     <span class='ocr_line' id='line_1_30' title="bbox 95 3875 1207 3988; baseline -0.022 -21"><span class='ocrx_word' id='word_1_211' title='bbox 95 3899 246 3988; x_wconf 91' lang='lat' dir='ltr'><strong>proprios</strong></span> <span class='ocrx_word' id='word_1_212' title='bbox 277 3891 428 3977; x_wconf 80' lang='lat' dir='ltr'><strong>colligens</strong></span> <span class='ocrx_word' id='word_1_213' title='bbox 467 3885 585 3950; x_wconf 87' lang='lat' dir='ltr'><strong>electos</strong></span> <span class='ocrx_word' id='word_1_214' title='bbox 613 3885 823 3964; x_wconf 84' lang='lat' dir='ltr'><strong>pugnatores,</strong></span> <span class='ocrx_word' id='word_1_215' title='bbox 858 3875 967 3940; x_wconf 90' lang='lat' dir='ltr'><strong>iuncto</strong></span> <span class='ocrx_word' id='word_1_216' title='bbox 987 3877 1044 3939; x_wconf 92' lang='lat' dir='ltr'><strong>sibi</strong></span> <span class='ocrx_word' id='word_1_217' title='bbox 1065 3876 1207 3942; x_wconf 87' lang='lat' dir='ltr'><strong>Gerardo</strong></span> 
     </span>
     <span class='ocr_line' id='line_1_31' title="bbox 98 3983 1205 4076; baseline -0.026 0"><span class='ocrx_word' id='word_1_218' title='bbox 98 4007 219 4076; x_wconf 91' lang='lat' dir='ltr'><strong>comite</strong></span> <span class='ocrx_word' id='word_1_219' title='bbox 251 4002 373 4070; x_wconf 83' lang='lat' dir='ltr'><strong>Getrise</strong></span> <span class='ocrx_word' id='word_1_220' title='bbox 394 4016 468 4062; x_wconf 89' lang='lat' dir='ltr'><strong>cum</strong></span> <span class='ocrx_word' id='word_1_221' title='bbox 490 4011 558 4058; x_wconf 89' lang='lat' dir='ltr'><strong>non</strong></span> <span class='ocrx_word' id='word_1_222' title='bbox 579 3985 763 4072; x_wconf 85' lang='lat' dir='ltr'><strong>spernendo</strong></span> <span class='ocrx_word' id='word_1_223' title='bbox 783 3983 921 4048; x_wconf 86' lang='lat' dir='ltr'><strong>exercitu</strong></span> <span class='ocrx_word' id='word_1_224' title='bbox 942 3984 1027 4047; x_wconf 82' lang='lat' dir='ltr'><strong>venit</strong></span> <span class='ocrx_word' id='word_1_225' title='bbox 1048 3985 1081 4047; x_wconf 88' lang='lat' dir='ltr'><strong>in</strong></span> <span class='ocrx_word' id='word_1_226' title='bbox 1105 3985 1205 4050; x_wconf 85' lang='lat' dir='ltr'><strong>Dran·</strong></span> 
     </span>
     <span class='ocr_line' id='line_1_32' title="bbox 100 4090 1209 4185; baseline -0.024 -1"><span class='ocrx_word' id='word_1_227' title='bbox 100 4130 170 4184; x_wconf 89' lang='lat' dir='ltr'><strong>tam</strong></span> <span class='ocrx_word' id='word_1_228' title='bbox 198 4123 230 4180; x_wconf 88' lang='lat' dir='ltr'><strong>et</strong></span> <span class='ocrx_word' id='word_1_229' title='bbox 260 4112 327 4178; x_wconf 86' lang='lat' dir='ltr'><strong>fixit</strong></span> <span class='ocrx_word' id='word_1_230' title='bbox 348 4104 485 4172; x_wconf 87' lang='lat' dir='ltr'><strong>tentoria</strong></span> <span class='ocrx_word' id='word_1_231' title='bbox 506 4118 607 4185; x_wconf 90' lang='lat' dir='ltr'><strong>prope</strong></span> <span class='ocrx_word' id='word_1_232' title='bbox 629 4096 742 4159; x_wconf 81' lang='lat' dir='ltr'><strong>Artem.</strong></span> <span class='ocrx_word' id='word_1_233' title='bbox 786 4090 998 4157; x_wconf 86' lang='lat' dir='ltr'><strong>Considerans</strong></span> <span class='ocrx_word' id='word_1_234' title='bbox 1020 4090 1209 4180; x_wconf 82' lang='lat' dir='ltr'><strong>Rodulpbus</strong></span> 
     </span>
    </p>
   </div>
   <div class='ocr_carea' id='block_1_5' title="bbox 102 4201 1210 4311">
    <p class='ocr_par' dir='ltr' id='par_1_7' title="bbox 102 4201 1210 4311">
     <span class='ocr_line' id='line_1_33' title="bbox 102 4201 1210 4311; baseline -0.027 -18"><span class='ocrx_word' id='word_1_235' title='bbox 102 4249 135 4294; x_wconf 84' lang='lat' dir='ltr'><strong>se</strong></span> <span class='ocrx_word' id='word_1_236' title='bbox 169 4225 319 4311; x_wconf 85' lang='lat' dir='ltr'><strong>episcopo</strong></span> <span class='ocrx_word' id='word_1_237' title='bbox 347 4213 549 4283; x_wconf 79' lang='lat' dir='ltr'><strong>inferiorem,</strong></span> <span class='ocrx_word' id='word_1_238' title='bbox 582 4225 644 4270; x_wconf 89' lang='lat' dir='ltr'><strong>nec</strong></span> <span class='ocrx_word' id='word_1_239' title='bbox 674 4220 779 4284; x_wconf 86' lang='lat' dir='ltr'><strong>aequo</strong></span> <span class='ocrx_word' id='word_1_240' title='bbox 810 4209 909 4264; x_wconf 89' lang='lat' dir='ltr'><strong>marte</strong></span> <span class='ocrx_word' id='word_1_241' title='bbox 941 4220 1013 4264; x_wconf 91' lang='lat' dir='ltr'><strong>cum</strong></span> <span class='ocrx_word' id='word_1_242' title='bbox 1044 4201 1097 4266; x_wconf 87' lang='lat' dir='ltr'><strong>itto</strong></span> <span class='ocrx_word' id='word_1_243' title='bbox 1119 4223 1210 4286; x_wconf 74' lang='lat' dir='ltr'><strong>posse</strong></span> 
     </span>
    </p>
   </div>
   <div class='ocr_carea' id='block_1_6' title="bbox 0 0 1488 5150">
    <p class='ocr_par' dir='ltr' id='par_1_8' title="bbox 0 0 1488 5150">
     <span class='ocr_line' id='line_1_34' title="bbox 0 0 1488 5150; baseline 0 0"><span class='ocrx_word' id='word_1_244' title='bbox 0 0 1488 5150; x_wconf 95' lang='lat' dir='ltr'><strong> </strong></span> 
     </span>
    </p>
   </div>
  </div>
 </body>
</html>
