2916 5150
498 490 748 558 CllllOlllCOll.
1106 494 1161 562 tlt

72 676 135 722 rem
153 654 243 743 ignis.
288 654 401 722 subter
421 658 507 724 acala
528 677 677 744 suspensa
699 657 757 723 fuit
778 657 865 722 tortis
886 677 926 725 ac
948 659 1032 736 lata,
1056 669 1167 728 tantae

71 763 291 850 longitudinis,
314 774 350 828 ut
370 764 499 849 triginta
519 765 632 832 cubitis
653 787 784 852 proram
803 765 980 832 excederet.
1023 768 1062 834 Et
1085 789 1166 854 opus

72 871 150 936 adeo
183 871 312 935 firmum
343 873 513 956 apperuit,
546 871 637 959 quod
669 873 839 939 laaucuaes
853 873 895 958 (¹⁸)
918 884 949 940 et
969 875 1073 940 Pisani
1095 899 1169 943 cum

71 978 213 1043 omuibus
242 979 326 1053 aliis,
361 979 417 1064 qui
447 998 528 1064 opus
547 979 629 1044 intua
648 989 680 1043 et
700 980 793 1057 forie,
825 981 966 1066 superius
985 991 1018 1046 ct
1037 983 1167 1048 inferius

69 1088 144 1150 iussu
177 1085 356 1170 principum
387 1084 553 1152 Christiani
582 1088 734 1152 exercitus
768 1088 935 1174 diligenter
966 1091 1167 1175 contempla·

69 1193 201 1268 bantur,
235 1192 412 1259 asserebant
441 1214 474 1258 re
495 1215 665 1280 nunquam
685 1195 749 1260 tale
768 1195 933 1281 ingenium
953 1217 1047 1281 orper
1067 1216 1167 1283 aquae

69 1301 267 1366 aedificatum
289 1300 400 1366 vidisse
431 1301 472 1366 de
492 1301 595 1387 lignis.
638 1302 738 1388 lgitur
757 1302 834 1367 feria
855 1314 941 1368 nexta
961 1314 1034 1368 ante
1053 1304 1166 1370 festum

68 1408 300 1484 bartholomei,
323 1429 412 1473 auno
434 1429 502 1494 quo
521 1429 636 1494 supra,
660 1419 695 1472 ut
716 1431 764 1474 ree
784 1412 873 1476 omni
894 1421 1015 1477 careret
1035 1412 1165 1489 invidia,

3 1587 11 1610 Ι
68 1519 104 1583 de
133 1515 278 1605 quelibet
311 1527 426 1603 gente,
461 1537 546 1601 quae
576 1526 655 1582 tunc
687 1519 721 1580 in
753 1517 998 1584 Christianorum
1029 1520 1168 1586 exercitu

67 1636 177 1702 erant,
210 1624 253 1689 ad
286 1624 377 1689 huius
409 1625 527 1710 negotii
557 1626 790 1691 exsecutionem
824 1627 947 1694 invitati
967 1637 1061 1702 eunt,
1095 1627 1168 1692 licet

67 1736 129 1800 sola
149 1739 244 1820 'geor
275 1733 521 1798 Teutonicorum
553 1743 584 1798 et
617 1733 781 1798 llriaonum
812 1733 855 1798 ad
877 1755 974 1800 nares
992 1735 1171 1821 implendas

67 1845 223 1909 sufficeret
255 1850 286 1906 et
318 1839 480 1926 regendas.
525 1841 564 1904 ln
596 1840 649 1906 die
680 1842 789 1928 itaqua
820 1843 925 1908 annoti
958 1842 1169 1907 bartholomei

67 1952 224 2039 apostoli,
255 1971 329 2014 cum
361 1948 447 2012 Nilus
475 1947 676 2014 vehementer
706 1952 909 2026 excrevisset,
951 1961 983 2014 et
1014 1971 1169 2037 aquarum

65 2063 198 2146 impetus
219 2058 381 2144 negotium
402 2057 571 2140 plurimum
593 2056 776 2140 impediret,
811 2078 885 2121 cum
906 2059 1005 2122 mruta
1032 2059 1170 2124 difficul·

67 2180 127 2236 tate
160 2180 192 2234 et
223 2166 367 2252 periculo
397 2165 519 2230 dictum
548 2165 794 2227 instrumentum
816 2163 858 2228 ad
880 2165 960 2228 latus
980 2166 1170 2249 aquilonare

66 2279 157 2342 turris
184 2274 334 2340 anchoris
354 2283 385 2338 ct
405 2272 534 2337 funibus
553 2281 599 2336 est
621 2271 814 2356 applicitum.
862 2271 929 2336 Nec
948 2271 1065 2336 minori
1085 2274 1170 2356 peri·

65 2387 136 2452 culo
161 2384 222 2448 alia
243 2382 353 2456 naris,
384 2401 458 2445 cum
478 2381 726 2467 propugnaculis
746 2380 780 2444 iu
803 2379 937 2446 circuitu
955 2391 987 2445 et
1008 2382 1169 2446 castellulo

65 2475 111 2558 iuN
129 2492 208 2556 mali
237 2489 415 2554 summitate
445 2489 488 2554 ad
509 2489 621 2574 pedem
644 2489 735 2552 turris
756 2488 914 2554 collocata
935 2488 1086 2565 substitit,
1109 2491 1171 2557 vir·

67 2612 130 2667 tute
152 2599 401 2666 Teutonicorum
422 2608 454 2662 et
474 2598 640 2661 Frisonum
662 2595 704 2660 ab
725 2597 800 2681 igne
820 2596 962 2672 Graeco,
994 2599 1050 2683 qui
1070 2599 1172 2665 comi·

66 2731 123 2774 nus
147 2718 180 2774 et
201 2707 323 2772 eminus
344 2705 478 2770 iniectus
497 2722 646 2787 pavorem
668 2703 811 2768 incutere
831 2703 954 2788 poluit,
988 2724 1045 2789 per
1065 2706 1171 2790 liquo·

65 2839 128 2883 rem
162 2824 323 2881 acetosum
351 2822 382 2878 ct
413 2810 557 2876 sabulum
589 2811 763 2885 extinctus,
795 2809 922 2874 delensu
955 2819 1011 2876 eat.
1067 2811 1170 2875 lacuit

64 2923 248 3010 patriarcba
276 2931 449 3007 prostratus
469 2929 546 2985 ante
566 2920 688 3007 lignum
724 2917 826 2984 crucis
847 2919 882 2982 iu
904 2918 1050 3000 pulvere,
1083 2929 1170 2984 stans

65 3037 166 3100 clerus
195 3033 228 3096 in
257 3031 335 3096 albis
365 3030 460 3094 nudis
489 3028 641 3113 pedibus,
675 3028 797 3111 magnis
818 3027 965 3095 clamarit
985 3028 1114 3094 vocibus
1134 3030 1169 3093 iu

65 3144 202 3210 coelum.
236 3139 314 3206 Cum
336 3148 441 3202 autern
462 3136 640 3201 extremitas
659 3135 764 3200 scalae
784 3136 848 3198 iam
870 3135 979 3198 turrim
991 3138 1168 3224 attingeret,

66 3273 86 3316 a
106 3247 326 3316 defensoribus
346 3248 441 3331 ipsine
462 3244 552 3308 turris
572 3243 654 3330 ignia
664 3243 886 3329 suppositusin
896 3243 1170 3311 flammaeluoidas

1 3351 2 3374 ¹
64 3358 180 3446 erupit.
222 3357 366 3440 Cumque
395 3351 562 3430 Christiani
595 3351 639 3416 ad
660 3350 741 3437 ignis
761 3351 1000 3418 suffocationem
1021 3373 1169 3420 occurre·

1 3443 2 3496 l
65 3477 156 3540 rent,
191 3485 248 3528 auo
280 3462 424 3547 pondere
456 3470 555 3545 caput
576 3460 683 3526 scalae
704 3459 942 3545 depresserunt,
963 3462 1010 3524 ita
1030 3470 1065 3525 ut
1086 3483 1169 3546 pons
1228 3547 1230 3552 Ι

65 3574 240 3649 tornatilis,
276 3573 331 3657 qui
361 3570 473 3634 maiori
506 3588 659 3632 annexus·
675 3566 777 3630 iuerat
809 3567 1025 3631 inclinaretur.
1078 3569 1168 3634 Tunc

64 3684 110 3748 rir
132 3681 239 3756 fortis,
260 3678 316 3765 qui
338 3677 427 3743 ducis
438 3677 578 3740 lustriae
599 3676 742 3740 vexillum
763 3673 921 3764 gestabat,
945 3676 1062 3741 corruit
1084 3699 1168 3741 mar·

65 3793 149 3877 tyrio
182 3797 362 3854 coronatus.
405 3785 556 3850 Saraceni
587 3805 662 3850 vero
691 3785 811 3867 signum
845 3783 986 3848 cadentis
1017 3785 1168 3850 tulerunt.

65 3899 225 3965 Inclinato
255 3895 348 3981 igitur
379 3894 464 3958 scala
500 3913 539 3956 ac
559 3893 684 3956 ruinam
707 3894 867 3965 minante,
890 3891 1024 3955 flammis
1044 3894 1168 3974 insuper

65 4007 242 4072 terribiliter
262 4002 490 4078 crescentibus,
513 4011 609 4085 atque
630 4002 744 4065 uostris
764 4002 828 4065 iam
848 4001 1043 4085 fugientibus,
1061 4000 1168 4087 Baby·

106 4239 151 4309 (η
190 4234 367 4291 Genuam·
