2926 5140
495 483 743 552 unnotttcon.

174 695 235 755 lte
253 699 376 756 morte
393 697 568 756 nrxrrrm
586 700 764 785 episcopt
780 699 822 756 ct
839 699 1069 769 episcopm

437 791 565 849 suncti
581 791 798 850 frederici.

524 991 612 1057 CAP.
634 991 729 1058 XXX.

108 1181 194 1246 llaec
225 1181 305 1246 dum
333 1191 525 1266 agerentur,
557 1183 693 1246 moritur
721 1180 886 1246 :Rixlridus
906 1183 1072 1276 episcopus
1093 1184 1169 1248 Tra·

62 1289 210 1356 ieetensis
250 1290 385 1354 natione
423 1290 527 1366 Prisc,
573 1289 722 1356 doctriua
746 1300 786 1355 *et
817 1291 986 1356 sanctitate
1015 1292 1165 1377 insignis,

63 1417 161 1462 anno
200 1397 327 1460 Domini
360 1396 479 1481 viiiqxxi
510 1398 628 1483 quinto
660 1399 711 1462 die
737 1399 855 1463 mensis
885 1396 1043 1462 Octobris.
1096 1399 1168 1480 Quo

61 1503 247 1570 honorifice
276 1505 398 1589 sepulto
430 1507 530 1570 clerus
561 1517 592 1572 et
621 1508 758 1592 populus
787 1507 896 1572 dicunt
928 1526 961 1570 se
981 1525 1052 1570 non
1074 1505 1170 1570 atium

62 1611 179 1698 eligere
202 1613 411 1699 episcopum,
433 1635 531 1700 quam
552 1614 761 1682 Fredericum.
804 1615 935 1679 Interim
956 1634 1010 1678 rex
1031 1613 1169 1678 ludovi-

63 1740 125 1784 cus
155 1719 260 1786 Caroli
291 1723 399 1806 magui
427 1722 509 1788 filius
535 1723 597 1807 lde
627 1743 694 1808 quo
726 1724 831 1808 capite
850 1722 1087 1808 praecedenti),
1110 1723 1168 1808 qui

64 1837 148 1893 tunc
191 1851 231 1894 ne
263 1831 588 1896 excommunicaretur
620 1831 662 1896 ab
692 1831 845 1915 episcopis
876 1839 1006 1915 propter
1037 1840 1168 1916 neptem

60 1956 177 2010 suam,
210 1956 308 2018 quam
336 1938 371 2000 in
401 1958 532 2002 uxorem
561 1938 711 2016 duxerat,
744 1939 779 2003 in
812 1939 912 2003 Gallia
944 1957 1075 2004 manere
1095 1958 1167 2002 non

61 2042 225 2120 audebat,
261 2045 295 2108 in
327 2044 495 2109 Germania
516 2046 601 2110 iuxta
622 2045 772 2109 Rhenum
794 2044 967 2121 manebat,
1001 2056 1166 2130 comperto

61 2152 202 2218 Rixfridi
234 2153 373 2236 episcopi
396 2149 486 2215 obitu
506 2171 562 2234 per
583 2151 702 2236 legatos
721 2171 794 2216 suos
812 2150 977 2234 mandavit
997 2152 1168 2216 senioribus

61 2259 217 2324 ecclesiae
257 2258 481 2333 Treiectensis.
527 2267 561 2322 ut
593 2259 721 2324 beatum
753 2257 951 2324 llredericum
985 2259 1167 2344 episcopum

57 2367 303 2442 acclamarent,
328 2377 366 2430 ¹:et
397 2365 531 2430 electum
561 2365 689 2431 adeius
710 2367 861 2433 ducerent
882 2367 1060 2453 palatium,
1095 2388 1168 2434 nes-

54 2478 151 2542 ciens
179 2494 309 2540 omnem
339 2474 492 2559 populum
513 2474 650 2540 eundem
682 2476 745 2540 iam
765 2476 899 2560 elegisse.
941 2477 1032 2542 'lunc
1052 2477 1168 2543 Frede-

55 2587 149 2650 ricus
170 2604 253 2649 cum
284 2582 458 2648 senioribus
487 2583 638 2648 ecclesiae
658 2583 862 2648 Traiectensis
882 2605 1011 2672 surgens
1030 2589 1165 2670 perrexit

55 2693 109 2759 ed
137 2713 252 2778 regem.
296 2691 357 2773 ¹Qui
387 2690 474 2754 illum
504 2689 661 2754 accersitis
681 2689 835 2774 episcopis
855 2690 921 2753 eliis
940 2692 1011 2756 licet
1030 2694 1165 2761 invitum

57 2813 95 2868 et
134 2801 268 2866 multum
309 2800 494 2864 renitentem
535 2799 570 2861 in
611 2819 667 2862 sua
692 2797 878 2883 ,praesentia
905 2798 992 2861 iussit
1024 2799 1166 2866 ordinari

64 2911 260 2997 episcopum.
303 2906 376 2988 Quo
408 2915 537 2990 peracto
568 2905 741 2989 imperator
772 2905 891 2970 clerum
924 2914 955 2969 et
977 2909 1166 2994 omnesqui

65 3019 198 3085 aderent
228 3015 350 3081 nobiles
381 3015 497 3100 pariter
517 3025 548 3078 et
568 3012 724 3098 ignobiles
744 3011 786 3076 ad
808 3033 899 3078 suum
917 3013 1062 3080 invitavit
1082 3037 1165 3082 eon·

64 3128 198 3202 vinum,
231 3134 328 3209 etque
355 3132 486 3208 propter
517 3121 572 3186 viri
604 3123 659 3186 Ilei
689 3141 830 3186 amorem
862 3122 945 3187 diem
976 3123 1063 3190 illum
1091 3148 1164 3192 cunr

65 3255 185 3322 magna
215 3233 332 3300 laetitia
360 3229 555 3317 perducebat
585 3229 627 3296 ad
649 3251 820 3314 uesperum.
863 3230 997 3297 Peracto
1018 3235 1164 3303 convivio

64 3367 118 3412 rex
139 3363 245 3410 seeum
266 3344 391 3408 volvens
409 3339 444 3403 in
468 3338 595 3416 animo,
619 3357 652 3402 se
672 3337 752 3402 forte
770 3347 901 3423 propter
920 3339 1061 3406 illicitum
1082 3365 1165 3408 con·
1267 3423 1272 3430 ,

63 3453 194 3520 nubium
224 3451 259 3514 in
290 3448 397 3513 futuro
426 3467 519 3532 posse
540 3467 560 3510 a
579 3445 676 3510 bento
696 3444 861 3510 Frederico
881 3447 1044 3522 maledici,
1080 3451 1165 3516 iussit

63 3560 150 3628 illum
182 3559 325 3626 accersiri
357 3567 389 3621 et
421 3576 549 3632 coram,
588 3553 646 3640 qui
687 3551 837 3628 aderent,
868 3553 1022 3638 episeopis
1054 3555 1166 3623 talibus

66 3670 237 3754 alloquitur
257 3665 368 3732 dictis:
411 3663 510 3748 Elegit
528 3672 582 3738 te,
604 3659 782 3737 carissime,
806 3659 961 3724 Dominus
980 3660 1037 3727 sibi
1058 3663 1093 3728 in
1113 3685 1165 3732 sa.

65 3776 227 3844 cerdotem
254 3794 425 3862 magnum,
459 3772 535 3858 quia
569 3780 599 3837 te
632 3769 674 3836 ad
705 3768 768 3835 hoc
801 3789 881 3855 opus
912 3773 1061 3858 cognorit
1092 3776 1164 3842 ido·

65 3907 179 3960 neum,
212 3893 246 3948 ut
280 3893 334 3948 tun
364 3890 475 3948 sancta
506 3880 746 3964 praedicatione
776 3880 931 3964 populum
962 3891 1165 3966 peccatorem

63 4003 232 4062 convertas
262 3989 303 4056 ad
333 3989 516 4056 Dominum.
557 3988 609 4052 Est
640 3987 732 4073 igitur
760 3987 897 4072 populus
929 3997 1002 4052 tuae
1034 3987 1166 4054 diocesis

65 4103 222 4170 ininsula
244 4100 330 4165 dicta
352 4095 553 4170 Walachrie,
577 4095 611 4157 in
633 4114 698 4177 qua
721 4092 815 4177 (proh
837 4092 943 4175 dolor)
967 4103 1001 4156 ut
1023 4094 1063 4160 ed
1081 4117 1166 4164 mens

64 4234 167 4298 nuper
184 4209 327 4296 pervenit
351 4227 460 4281 eures,
485 4224 566 4270 unus
587 4200 720 4289 quisque
742 4208 871 4284 neptem
892 4208 947 4264 aut
968 4204 1056 4288 quod
1077 4207 1165 4292 peius
