2916 5150
491 489 739 568 cuncutcott.
1109 493 1170 562 1oe

9 591 11 636 i

9 645 10 696 t
55 655 1158 714 ὦ

9 745 10 772 l
143 763 228 812 rano
251 760 362 806 nourru
383 761 535 806 ornanum
556 762 641 809 acar.
684 736 831 806 numm
851 761 1074 810 mauoroaurr.

338 981 400 1044 late
421 1000 560 1064 corpora
584 988 765 1044 sanctorum
787 980 958 1058 Pontiani,
983 982 1118 1068 Benigni
1138 995 1170 1050 ct

340 1089 469 1173 Agnetis
490 1097 662 1173 martyrum
683 1107 722 1150 ex
742 1087 833 1150 ltalia
862 1089 1021 1153 transtulit
1042 1089 1167 1157 Traice-

337 1207 415 1261 tum.
458 1194 543 1261 Obiit
564 1215 653 1258 anno
673 1193 758 1268 977,
780 1194 810 1260 vi
831 1194 902 1258 idua
921 1195 1072 1264 Ianuarii.

293 1305 484 1371 Folcmarua.
528 1301 612 1368 XVI.
656 1301 717 1364 lata
750 1309 834 1364 totua
862 1300 968 1366 bontra
988 1311 1019 1364 ct
1039 1313 1169 1369 sanctur

336 1412 421 1476 Friao
454 1411 523 1476 fuit.
574 1407 660 1474 Obiit
695 1426 783 1473 anno
812 1407 896 1486 Ow.
944 1409 975 1472 iii
1007 1409 1077 1474 idua
1107 1412 1168 1478 Oc.

338 1500 482 1586 cambria.

295 1628 510 1694 baldewinus.
553 1624 654 1692 XVll.
686 1624 748 1690 late
768 1622 921 1709 gloriosus
941 1623 1000 1686 luit
1020 1635 1052 1688 et
1074 1625 1167 1691 incli-

337 1745 396 1801 tua.
438 1734 523 1800 Obiit
545 1751 635 1798 anno
655 1730 740 1809 tot,
763 1731 883 1798 viidua
903 1732 985 1798 llaii.

294 1839 454 1907 Anfriduo.
498 1839 615 1908 xvttl.
657 1839 718 1904 late
749 1840 978 1906 monasterium
999 1840 1035 1905 in
1056 1855 1168 1908 monte

336 1948 512 2013 construxit
533 1946 771 2012 omniasancti
793 1947 973 2024 Benedicti,
1008 1950 1055 2016 vir
1074 1972 1167 2018 aano-

337 2063 397 2120 lut.

294 2159 496 2226 Adelboldua.
539 2158 622 2226 xtx.
665 2160 749 2224 Friao
771 2161 828 2224 l'uit
851 2169 883 2224 et
903 2163 1022 2245 primus
1042 2167 1165 2249 apiano·

335 2289 471 2354 porum,
503 2269 560 2353 qui
591 2267 717 2334 bellavit
747 2276 863 2333 contra
893 2267 1086 2336 Hollandiae
1107 2294 1169 2338 co·

336 2378 442 2442 mitem
463 2375 694 2440 Theodericum
714 2384 885 2461 quartum,
920 2386 951 2440 et
973 2379 1164 2460 tamenbo·

335 2506 396 2550 uus
426 2495 457 2550 et
489 2485 571 2548 utilia
600 2485 691 2549 luisse
724 2484 873 2550 eccleciae
906 2489 1162 2557 commendatur.

305 2671 307 2675 ,
334 2591 420 2658 Obiit
441 2613 533 2657 anno
557 2591 651 2658 1027.

293 2698 502 2785 Bernulphus.
544 2699 610 2763 XX.
664 2697 723 2762 llic
755 2698 828 2763 iecit
861 2699 1026 2786 collegium
1058 2710 1162 2773 sancti

335 2810 416 2874 Petri
438 2819 469 2874 et
488 2808 584 2873 etiam
604 2806 708 2870 sancti
727 2805 861 2870 Ioannis
881 2807 916 2871 in
938 2806 1092 2876 Treiecto.

292 2917 486 2984 Wilbelmua.
527 2915 610 2980 XXl.
654 2914 714 2978 late
743 2915 892 3000 pugnavit
922 2927 1037 2982 contra
1059 2923 1160 2986 comi·

313 3009 396 3088 'tem
416 3021 614 3088 llollandiae.

291 3131 468 3199 conradus.
521 3129 620 3196 Xllll.
671 3130 828 3214 Pugnavit
867 3141 980 3197 contra
1012 3137 1158 3204 comitem

332 3238 536 3325 llollantliae.
568 3247 599 3302 et
629 3235 775 3303 fundavit
795 3237 959 3304 ecclesiam
980 3246 1159 3310 canonico·

331 3369 402 3412 rum
431 3353 562 3410 sanctae
584 3344 700 3409 Mariae
721 3345 755 3408 in
777 3344 942 3426 Traiect03
975 3349 1160 3419 interiectus

331 3466 376 3542 eat
397 3453 580 3540 aquodam
603 3453 743 3520 Friaone.
774 3452 836 3515 lste
846 3453 1013 3518 Conradus
1023 3456 1159 3526 obtinuit

225 3585 231 3595 ·
331 3564 374 3629 ab
405 3565 593 3648 imperatore
614 3558 752 3622 llenrioo
773 3566 889 3643 quarto
910 3559 1098 3626 comitatum
1118 3563 1159 3630 de

331 3670 481 3756 Oeatergo
502 3679 533 3733 et
551 3668 717 3750 Westergo
738 3685 799 3751 pro
819 3666 949 3733 eeclesia
970 3665 1158 3738 Traiectenai

331 3788 484 3865 perpetuo
504 3773 742 3861 possidendum.

97 3896 230 3986 1100(*)
291 3886 493 4063 Rusicardusi)
493 3882 637 4055 1,ΧῑΧΙΠ
681 3881 817 4052 Ιιίιίῗῖνίτ
848 3879 919 4052 pirln
938 3880 996 4052 finit
1016 3891 1047 4052 ft
1067 3884 1159 4002 araci·

357 4016 423 4064 cus.
514 4011 536 4052 n
571 4007 661 4052 anno
776 4007 938 4062 ,rcaen
962 4007 996 4052 aa
1032 4008 1106 4056 unu.

9 4251 11 4306 ξ
102 4219 143 4290 (a)
181 4213 309 4274 &cunda
326 4224 424 4266 manui
442 4219 588 4266 numerum
604 4198 724 4259 mutarit
741 4198 772 4254 in
791 4197 867 4250 1099.
