2916 5150
484 450 733 516 cttttotttcon.
1113 457 1171 520 113

73 615 236 702 praebente
277 616 393 682 Cnroio
427 618 519 682 cubo
552 619 695 684 Frisoncs
726 617 888 683 subiecerit
919 638 978 683 suo
1010 619 1167 688 Dominio.

72 725 156 789 Facta
176 734 247 788 sunt
268 723 348 790 haee
368 727 541 790 secundum
560 729 713 793 Ioannem
735 726 776 791 de
797 727 904 802 Beira,
919 746 1004 792 enno
1016 727 1166 811 riiiqlxxiii

71 833 110 898 rei
137 832 311 896 secundum
345 833 422 898 elios
454 833 556 920 (quod
589 834 690 900 verius
712 833 847 917 videtur)
872 855 959 900 enno
981 835 1164 922 riiifixxxiii.

72 942 140 1006 Ecce
170 941 336 1026 quomodo
357 961 441 1005 unus
461 952 493 1006 et
514 942 597 1006 idem
618 961 672 1004 rex
692 950 723 1005 et
745 942 917 1025 imperator
935 943 1041 1028 primo
1063 943 1165 1008 dude·

71 1051 102 1112 rit
119 1050 242 1113 Frisium
264 1049 431 1113 comitibus
452 1049 663 1124 Hoiiendiae‚
695 1070 734 1113 oc
763 1050 953 1136 paulopost
976 1051 1039 1136 τερ·
1061 1051 1166 1114 Nord-

71 1177 260 1222 mennorum.
304 1155 400 1238 Quod
434 1166 519 1222 certe
550 1177 610 1220 nec
642 1156 759 1221 rationi
794 1177 855 1222 nec
888 1160 992 1244 regios
1025 1159 1164 1243 quadrat

72 1263 220 1346 dignitati,
244 1274 280 1328 ut
302 1265 393 1351 quod
414 1266 524 1330 comiti
547 1266 630 1352 regie
652 1263 836 1328 iiberalitate
857 1263 1041 1341 donaverit,
1065 1267 1163 1351 poulo

68 1382 140 1454 post,
160 1373 223 1437 imo
234 1373 350 1438 eodem
371 1375 435 1438 fere
455 1383 606 1458 tempore,
630 1381 752 1437 censete
763 1370 869 1455 priore
880 1371 1063 1447 donatione.
1077 1375 1162 1438 uberi

68 1476 136 1541 idem
163 1502 215 1546 rex
249 1481 407 1547 conseret.
449 1480 524 1545 Non
557 1501 633 1564 ergo
664 1477 860 1544 credendum
893 1489 937 1543 est
958 1479 1065 1563 primis
1086 1480 1162 1550 Hol-

69 1585 174 1652 iandiee
201 1587 373 1653 comitibus
402 1588 551 1652 colintnm
581 1588 671 1652 inisse
691 1586 838 1662 Frisium.
871 1596 1002 1671 propter
1024 1589 1161 1653 rationes

68 1713 144 1777 rupre
164 1695 277 1762 dictos.
322 1696 403 1759 Num
435 1695 544 1760 omniu
578 1693 681 1769 betta,
714 1714 797 1778 quoe
818 1693 949 1759 comites
970 1695 1159 1761 iioiiendise

67 1803 169 1884 gessisse
199 1825 276 1869 cum
308 1804 406 1867 Frisiis
426 1802 573 1890 legimus,
607 1822 730 1887 semper
749 1802 814 1866 iere
838 1801 988 1887 (exceptis
1007 1804 1160 1886 paucissi-

67 1910 123 1992 mis)
154 1922 271 1976 contra
303 1911 521 1988 Phisiofrisios,
556 1909 618 1974 hoc
650 1919 696 1974 cst
728 1909 962 1985 Westfrisones.
993 1910 1157 1975 iioiiondis

66 2019 212 2104 contiguos
240 2041 283 2084 ac
305 2039 425 2104 semper
454 2018 583 2081 infestor
617 2017 714 2101 (quse
733 2037 822 2080 nunc
842 2036 908 2079 non
931 2017 1062 2082 minime
1083 2039 1156 2104 pers

65 2134 99 2189 est
117 2129 318 2203 ilollendinc.
342 2148 360 2191 a
383 2123 590 2191 Medembiiclr
611 2121 753 2188 videlicet
774 2141 873 2206 usque
894 2123 1051 2205 Hscriem)
1074 2146 1155 2212 pug-

65 2252 140 2297 nasse
168 2245 292 2300 certum
324 2243 379 2298 est.
425 2231 487 2296 Sed
519 2229 685 2316 subiugata
707 2228 877 2293 Westirisio
900 2240 1074 2313 coeperunt
1097 2251 1153 2295 co·

63 2342 135 2406 nites
154 2341 342 2408 Hoiinndioc
362 2349 393 2405 et
416 2349 577 2414 nostrum,
591 2358 675 2424 quse
696 2346 775 2401 tunc
796 2335 960 2400 dicebatur
980 2336 1149 2417 orientatis,

63 2467 136 2514 nuuc
154 2471 225 2518 vcro
250 2447 467 2516 occedentaiis
487 2447 603 2522 Frisiis,
628 2445 787 2510 continuo
808 2445 1004 2528 impugnare.

564 2693 643 2724 m

74 2919 260 2982 Quomodo
278 2920 473 2981 secundus
491 2921 533 2975 ct
551 2919 692 2974 ternus
715 2913 876 2972 constes
896 2897 1126 2970 nollrindtcc

253 3029 254 3032 ¹
341 3008 665 3084 impugnaverunt
683 3007 842 3064 Frisios.

518 3213 606 3277 ctu.
629 3211 670 3274 H.

12 3481 14 3508 ,
91 3432 177 3497 Anno
209 3433 305 3518 igitur
327 3430 452 3496 Domini
472 3431 519 3526 ix}
540 3437 667 3492 mortuo
689 3423 881 3488 Theoderico
902 3424 1004 3505 primo
1025 3425 1139 3486 comite

12 3531 13 3590 5
56 3534 222 3606 flotandtae
243 3541 347 3605 fectus
374 3536 648 3602 est.Ttre0dericus
668 3532 834 3596 filiuseius
854 3529 1011 3594 secundus
1032 3548 1137 3591 comes

54 3641 230 3714 ttottandiue.
273 3648 334 3713 Iste
365 3666 472 3730 comes
502 3645 591 3728 (teste
612 3643 730 3706 Ioanne
751 3641 791 3704 de
813 3638 900 3704 Beku
921 3637 954 3701 in
977 3635 1038 3700 suis
1063 3655 1135 3700 cro·

53 3751 127 3838 uicis)
156 3757 309 3843 pugnavit
330 3764 446 3820 contra
468 3751 699 3824 Wost·Frisios,
734 3759 765 3812 ct
787 3768 860 3811 susc
880 3735 1009 3810 subiecit
1030 3754 1135 3830 potes·

51 3860 105 3924 tuti.
143 3865 231 3930 Tunc
253 3885 358 3930 comes
380 3862 538 3927 destructo
558 3861 591 3923 in
616 3857 778 3942 Egmundu
801 3857 906 3940 ligneo
928 3853 1129 3926 monasterio,
1234 3907 1237 3912 ,

50 3970 123 4048 quod
153 3984 242 4057 pater
273 3993 345 4037 suus
376 3971 585 4043 fundaverat,
620 3966 795 4031 construxit
826 3964 941 4027 ibidem
973 3959 1131 4042 lapideum

48 4081 254 4144 monesterium
287 4090 401 4145 contre
443 4079 602 4142 incursum
645 4075 819 4137 Frisonum.
863 4069 923 4133 Sed
955 4064 1130 4130 secundum

46 4185 193 4252 cronicam
223 4187 424 4264 Leidensem,
443 4186 555 4271 ,paulo
587 4191 657 4268 post
688 4178 810 4244 collecti
850 4176 988 4240 Frisones
1014 4174 1130 4242 incen-

984 4283 1006 4346 8
