2950 5144
301 479 348 542 ὅθ
745 472 968 546 WottPJtnl
1030 535 1037 544 ,

306 648 463 720 Domino,
499 655 595 732 etque
616 647 717 730 ipsum
749 649 823 712 cum
854 667 973 733 magna
994 648 1111 712 laetitio
1132 657 1163 712 et
1184 646 1409 724 solemnitate,

304 754 424 820 vocetis
454 752 496 816 nd
525 773 557 816 se
576 754 613 816 in
634 753 836 819 ministerium
858 755 1070 819 ordinationis
1091 755 1157 819 aliis
1179 753 1305 820 duobus
1326 757 1412 840 epis·

305 861 411 945 copis,
446 863 642 926 consentivit
674 862 859 946 episcopum
880 863 915 927 in
936 864 1016 928 festo
1055 864 1159 930 sancti
1190 862 1411 928 bartholomei

304 972 455 1054 apostoli,
491 989 579 1034 enno
610 972 651 1035 ob
679 972 907 1035 incarnatione
927 970 1050 1034 Domini
1072 969 1189 1058 vifxcv.
1232 970 1308 1052 Quo
1328 993 1411 1037 con·

303 1088 445 1152 secroto,
490 1077 566 1141 dum
596 1081 764 1142 remitteret
794 1079 914 1162 ipsum,
949 1079 1138 1141 confortans
1175 1087 1207 1141 et
1236 1077 1411 1144 exhortans

293 1186 381 1268 ,dixit
410 1194 541 1250 sanctus
572 1185 735 1249 Wiifridus
767 1187 951 1270 episcopus:
995 1185 1114 1250 Dilecte
1142 1185 1276 1260 freter„
1302 1189 1409 1252 nullus

303 1305 335 1358 te
375 1291 467 1357 ishor
508 1302 563 1356 aut
605 1293 833 1359 maledicorum
874 1293 1039 1357 bominum
1071 1292 1201 1380 lingum
1231 1305 1262 1358 et
1296 1315 1409 1360 monus

303 1400 497 1478 deterreant3
531 1410 562 1464 et
583 1402 650 1464 noli
672 1401 782 1465 timere
802 1420 879 1474 eos,
909 1401 964 1486 qui
986 1419 1102 1484 corpus
1123 1401 1300 1479 occidunt,
1341 1406 1409 1469 nni·

302 1529 388 1572 mam
432 1518 537 1572 autem
569 1509 717 1574 occidere
750 1529 820 1573 non
853 1517 1006 1592 possunt,
1050 1508 1105 1572 sed
1137 1511 1224 1574 omni
1255 1512 1407 1578 instantio

303 1617 457 1700 omnique
487 1617 608 1680 fervore
640 1619 698 1690 ea;
735 1637 820 1702 quae
851 1615 1028 1694 inchoasti,
1062 1618 1128 1681 Deo
1161 1628 1292 1683 auctore
1325 1642 1407 1686 con·

302 1733 420 1787 stanter
449 1743 574 1808 perage.
619 1725 686 1788 Scis
716 1726 817 1802 enim,
850 1724 939 1810 quod
969 1745 1122 1812 magnum
1143 1725 1285 1791 lahorem
1306 1730 1408 1794 maior

302 1831 513 1896 retributionis
552 1834 652 1918 gioria
695 1833 845 1918 sequitur.
896 1833 935 1898 Et
978 1835 1123 1898 osculans
1156 1835 1271 1900 remisit
1292 1837 1406 1922 ipsum

305 1961 379 2004 cum
421 1941 513 2005 sociis
551 1941 587 2004 in
617 1940 842 2016 ministerium,
888 1951 1012 2006 retento
1042 1962 1149 2006 secum
1178 1943 1290 2009 Acoho
1319 1967 1407 2030 pres·

302 2047 430 2132 bytom,
470 2069 567 2132 quem
595 2049 629 2110 in
662 2049 845 2132 episcopum
877 2049 1143 2134 Anguisteldensis
1173 2052 1236 2117 sive
1268 2054 1406 2120 Lindifn·

191 2180 194 2187 ·
302 2156 448 2220 ronensis
479 2157 629 2221 ecclesiae
660 2157 869 2222 consecrarit.
923 2157 1021 2242 igitur
1051 2168 1181 2224 sanctus
1212 2161 1406 2227 Swidbertus

301 2265 476 2348 pontificali
516 2266 611 2328 initus
644 2266 832 2329 auctoritate
863 2275 894 2329 et
925 2263 1069 2341 honore,
1111 2269 1316 2356 salutatisque
1346 2293 1405 2355 pe·

302 2371 440 2435 rentibus
480 2381 511 2433 et
553 2371 678 2446 amicis,
727 2391 799 2435 cum
838 2370 949 2436 Christi
988 2373 1129 2450 somniis,
1172 2378 1229 2462 qui
1261 2399 1336 2442 oum
1366 2401 1405 2444 eo

302 2489 412 2551 erent,
448 2477 539 2541 rediit
559 2479 594 2541 in
627 2499 707 2563 opus
739 2481 894 2564 evangelii
927 2489 958 2544 et
980 2480 1065 2546 verbi
1087 2484 1163 2559 Dei,
1196 2488 1405 2574 pervenitque

303 2583 525 2650 wittenburch
565 2587 627 2650 sive
669 2587 864 2664 Traiectum,
904 2607 960 2672 per
992 2609 1108 2654 annum
1139 2602 1170 2656 et
1203 2594 1304 2658 multo
1337 2617 1405 2660 am·

301 2693 398 2776 plius,
445 2703 619 2780 antequam
660 2695 883 2761 Wiilibrordus
921 2718 940 2760 e
984 2696 1110 2762 Rome.
1131 2700 1263 2775 rediret,
1308 2713 1405 2790 etque

300 2801 478 2868 Traiectum
511 2804 651 2878 reniret,
683 2801 792 2888 ibique
824 2823 843 2866 a
870 2803 1016 2869 iratribus
1036 2817 1067 2870 et
1087 2807 1249 2893 neophytis
1269 2809 1405 2878 honori·

300 2890 362 2974 fico
388 2912 489 2973 mutto
519 2931 592 2973 cum
614 2910 733 2994 gaudio
754 2920 916 2996 susceptus
948 2925 1004 2979 est.
1049 2915 1111 2996 Qui
1142 2927 1292 3002 coeptum
1324 2941 1405 3006 opus

189 3041 191 3045 ·
300 3015 519 3101 evangelicum
551 3026 733 3082 constanter
753 3019 903 3102 explens,
940 3023 1081 3108 oppidu.
1117 3047 1212 3101 rurs,
1244 3030 1348 3104 vicos,
1372 3042 1404 3096 et

300 3123 426 3188 cestelln
466 3135 598 3210 propter
638 3127 922 3212 evangelizandum
962 3130 1060 3219 longe
1092 3134 1219 3220 isteque
1249 3157 1306 3220 per
1336 3137 1404 3202 liri·

299 3231 395 3306 sinm,
431 3232 633 3298 hollandiam
666 3246 697 3300 et
728 3235 995 3303 Teisterbondinm
1027 3252 1232 3328 pervagatus,
1268 3247 1402 3312 multum

298 3340 452 3421 poputum
485 3341 525 3404 nd
558 3342 711 3407 Christum
742 3343 892 3409 doctrinis
921 3357 951 3410 et
984 3349 1209 3415 miraculorum
1241 3354 1403 3420 virtutibus

299 3447 431 3512 reduxit.
