2950 5144
291 479 334 545 78
716 472 936 539 Wotpt'lrl

290 645 386 711 serbo
417 653 550 710 sanotae
578 643 827 728 praedicationis
857 644 1045 706 instructam
1074 639 1192 704 ibidem
1214 639 1412 724 baptizavit.

289 755 368 821 lnde
388 752 569 838 procedens
586 753 709 816 transiit
728 752 860 817 flurium
874 748 1206 834 Lavicam,venitque
1227 748 1270 814 ad
1293 750 1413 814 locum

289 864 347 949 qui
377 863 493 928 dicitur
522 860 878 944 ttugemertapibique
906 858 1047 923 barbaris
1076 859 1183 942 coepit
1210 860 1414 943 praedicare

290 992 408 1037 nomen
427 969 574 1047 Domini,
598 991 639 1034 ac
657 968 862 1055 permadere,
887 978 922 1032 ut
941 968 1051 1034 relicta
1071 967 1232 1032 idolorum
1252 971 1414 1055 supersti-

291 1079 554 1148 tioneuniusveri
576 1079 630 1144 nei
651 1079 796 1144 notitiam
816 1079 1025 1163 susciperent,
1037 1078 1254 1164 insanumque
1274 1097 1344 1142 esse
1367 1101 1411 1146 ac

289 1210 411 1258 vanum
432 1211 451 1253 a
472 1186 631 1272 lapidibus
651 1188 800 1252 similium
820 1197 945 1273 petere,
970 1197 1002 1252 et
1022 1185 1058 1248 in
1079 1185 1276 1250 simulachris
1296 1189 1410 1252 multis

291 1323 333 1366 ac
362 1299 463 1363 surdis
491 1317 618 1382 speram
647 1298 789 1363 salutern.
831 1298 905 1379 Quo
928 1297 1039 1360 audito
1060 1316 1138 1380 gens
1159 1296 1223 1359 lera
1246 1305 1277 1358 et
1298 1296 1409 1360 idola·

291 1408 357 1472 triis
383 1408 477 1470 nimis
508 1405 635 1483 dedita,
669 1407 739 1470 irati
772 1426 885 1470 omnes
904 1403 1081 1469 stridebant
1102 1405 1137 1466 in
1158 1425 1231 1467 eum
1252 1404 1408 1469 dentibus

291 1516 454 1580 dicentes:
515 1513 589 1576 llon
634 1512 752 1577 debere
783 1513 955 1596 profanum
996 1512 1084 1576 bunc
1126 1512 1245 1577 diutius
1275 1513 1403 1590 visera,

292 1625 357 1688 imo
378 1642 468 1685 reum
490 1641 556 1685 esse
575 1622 702 1694 mortis,
726 1621 782 1707 qui
815 1631 881 1684 tam
913 1620 1064 1706 sacrilega
1085 1629 1202 1684 contra
1225 1621 1311 1686 Deos
1331 1643 1408 1686 suos

292 1729 511 1795 invictissimos
540 1731 769 1813 praesumsisset
790 1728 931 1812 prolerre
950 1729 1091 1813 eloquia.
1134 1728 1273 1811 Quidam
1295 1740 1407 1794 tamen

293 1840 379 1904 inter
408 1857 464 1901 eos
491 1837 610 1900 saniori
642 1836 772 1901 consilio
792 1835 971 1900 suadebant
992 1837 1145 1910 caeteris,
1178 1839 1321 1923 ignotam
1342 1837 1406 1902 sibi

293 1967 359 2011 esse
390 1945 550 2029 religionis
570 1945 672 2019 riam,
707 1954 812 2008 utrum
833 1966 873 2008 ex
896 1946 949 2008 ttei
971 1947 1136 2010 voluntate
1156 1947 1195 2010 sit
1214 1948 1405 2032 proposita,

293 2056 397 2120 sirum
415 2075 549 2140 quoque
567 2054 654 2118 illum
675 2054 755 2118 nulli
775 2056 951 2119 obnoxium
973 2057 1118 2131 crimini,
1141 2057 1279 2143 ideoque
1299 2058 1336 2124 in
1355 2079 1405 2122 re·

295 2174 363 2228 tam
393 2161 494 2226 dubia
535 2183 600 2228 nec
637 2161 742 2227 subito
774 2162 921 2227 dandum
953 2165 1037 2230 nem.
1087 2165 1304 2251 Quapropter
1322 2167 1405 2232 inito

296 2273 428 2338 consilio
464 2270 645 2334 dimiserunt
675 2271 762 2334 illum
795 2293 813 2334 a
845 2293 878 2335 se
908 2272 1042 2337 liberum
1073 2273 1180 2349 abire,
1214 2284 1246 2339 et
1275 2295 1406 2360 pergere

295 2401 365 2466 quo
396 2379 505 2452 vellet,
544 2379 653 2461 sicque
691 2378 844 2441 trendens
873 2381 959 2443 seuit
990 2380 1158 2456 Trentam,
1204 2381 1259 2446 ubi
1289 2382 1407 2447 diutius

294 2489 467 2550 immorans
493 2494 525 2548 et
544 2483 658 2550 crebro
678 2485 915 2571 evangelizans,
939 2489 1074 2553 credidit
1094 2490 1258 2576 gentilium
1270 2491 1406 2575 plurima

295 2594 477 2659 multitudo.
510 2594 633 2658 Deinde
658 2596 741 2658 iussu
762 2592 866 2659 Caroli
886 2598 997 2683 magni
1020 2597 1216 2663 Francorum
1238 2599 1282 2664 ad
1304 2600 1407 2664 Saxo·

296 2723 352 2768 nes
391 2703 526 2770 divertit.
578 2706 607 2768 Δ
639 2723 705 2790 quo
743 2713 775 2768 et
805 2703 925 2788 primm
954 2705 1131 2788 Bremensis
1162 2708 1329 2792 episcopus
1359 2717 1407 2773 est

295 2812 506 2892 constitutus3
526 2811 581 2874 ubi
601 2821 673 2894 post
693 2813 809 2874 multos
828 2811 950 2878 labores
969 2815 1083 2898 plenus
1103 2816 1225 2880 diemm
1245 2826 1277 2880 et
1297 2815 1407 2881 bono·

296 2943 369 2986 rum
398 2939 531 3004 operum
561 2927 607 2982 est
632 2928 785 2985 mortuus.
837 2920 979 2986 llortuus
1011 2935 1056 2988 est
1087 2935 1217 2990 sanctus
1237 2925 1406 3012 Gregorius

297 3029 405 3092 tertius
435 3026 638 3091 Traiectensis
668 3027 834 3112 episcopus
865 3049 957 3094 anno
990 3031 1114 3097 llomini
1146 3033 1307 3119 riiflxviii,
1351 3035 1406 3100 cui

296 3137 333 3200 in
353 3141 538 3222 episcopatu
558 3137 704 3201 suosmet
725 3135 886 3202 Aelbricus
907 3139 1040 3205 natione
1060 3142 1227 3228 Anglicus,
1259 3143 1315 3229 qui
1336 3144 1405 3208 lac·

297 3255 349 3309 tus
368 3254 414 3308 est
435 3252 566 3328 quartus
585 3245 752 3328 episcopus
772 3245 990 3311 Traiectensis.
1030 3249 1104 3314 Post
1125 3251 1292 3315 trans'tum
1312 3252 1404 3337 igitur

295 3355 401 3420 macti
420 3351 607 3428 Willebadi,
630 3373 703 3418 oum
723 3354 828 3439 pluras
848 3355 954 3421 adbuc
973 3358 1008 3421 iu
1020 3359 1115 3423 Frisia
1135 3360 1295 3425 idolorum
1305 3361 1403 3425 cultrri

297 3462 412 3538 dediti,
447 3461 483 3526 in
513 3460 579 3526 lide
611 3459 722 3526 Christi
752 3463 931 3550 neophytos
961 3466 1004 3530 ad
1039 3469 1213 3551 protanam
1244 3469 1401 3534 idolorum

295 3572 453 3638 culturam
484 3567 641 3634 retrabere
672 3581 892 3648 conarentur,
913 3573 1050 3657 providit
1071 3574 1230 3663 benignus
1251 3577 1403 3642 Dominus

296 3681 378 3746 neus
407 3680 530 3763 populo
559 3697 618 3741 suo
648 3679 814 3744 Frisonico
833 3701 873 3743 ex
893 3684 1022 3766 propria
1043 3705 1153 3750 eorurn
1174 3689 1306 3752 natione
1325 3697 1402 3753 stre·

296 3807 397 3852 nuum
427 3785 681 3869 praedicatorem
710 3797 741 3852 et
762 3787 917 3852 idoneum
938 3793 1071 3859 nomine
1091 3793 1281 3884 ludgerum.
1323 3797 1399 3874 llic,

294 3897 387 3984 quasi
416 3895 493 3959 alter
513 3893 659 3970 Samuel,
692 3916 712 3959 a
733 3905 843 3962 ventre
863 3903 972 3966 matris
991 3901 1115 3968 ridetur
1135 3905 1270 3971 Domino
1290 3927 1402 3972 conse·

294 4017 417 4086 cratus3
436 4013 546 4069 tantae
566 4003 688 4088 quippe
706 4014 774 4070 erat
794 4006 1001 4076 innocentiae
1021 4021 1196 4100 tantaeque
1216 4017 1399 4084 sanctitatis.

294 4112 390 4178 Cuius
409 4123 493 4197 gesta
514 4113 645 4178 strictim
666 4112 717 4180 bic
737 4115 890 4182 subiicere
909 4118 1000 4195 libet,
1022 4131 1057 4184 ut
1078 4141 1118 4186 eo
1136 4122 1257 4188 lacilius
1276 4127 1399 4212 adplu-

295 4221 446 4286 rimorum
484 4223 645 4306 perveniat
668 4225 814 4291 notitiam
835 4226 969 4294 maxime
990 4239 1094 4296 autem
1116 4229 1294 4302 Frisiorum.
1339 4234 1398 4316 Qui
1466 4255 1467 4258 ¹
