2950 5144
482 469 732 537 cttttotttcott.
1123 471 1165 537 te

97 645 257 727 Ternpore
285 637 402 723 Sergii,
447 639 642 722 apostoticae
673 637 755 702 aedis
782 637 961 722 pontificis,
1003 637 1088 702 venit
1121 635 1164 703 ad

52 752 166 818 limina
188 746 405 832 apostolorum
426 745 473 814 vir
493 747 593 811 mirae
614 744 823 810 abstinentiae
843 755 874 809 et
903 743 1080 810 sanctitatis
1100 765 1165 811 no·

1 889 2 948 ss
52 863 144 926 mine
162 855 404 932 willibrordus,
428 856 518 921 aliter
536 854 681 921 Clemens
702 853 824 927 dictus,
847 873 943 938 quem
963 871 1048 938 papa
1069 873 1163 938 prae.

54 972 138 1036 latus
179 967 364 1053 episcopum
408 964 589 1039 ordinavit.
634 972 666 1028 et
707 962 750 1026 ad
791 961 1043 1046 praedicandum
1075 967 1163 1048 genti

1 1149 2 1152 ,
53 1097 201 1164 paganae
231 1075 395 1139 Frieonum
425 1073 460 1136 in
491 1069 645 1136 littoribus
674 1068 797 1136 Oceani
830 1069 956 1134 occidui
979 1071 1160 1136 transmisit.

55 1187 118 1269 Qui
148 1205 208 1270 per
236 1181 471 1269 quinquaginta
505 1199 610 1244 annos
639 1177 829 1264 praedicans
860 1197 980 1262 magna
1011 1199 1050 1244 ex
1070 1189 1164 1264 parte

1 1289 2 1295 '
54 1297 179 1361 dictam
199 1302 327 1378 gentem
347 1290 389 1354 ad
409 1289 506 1354 fidem
526 1286 716 1353 catholicam
737 1285 911 1357 convertit.
936 1285 1165 1372 destructiaqw

54 1400 217 1476 delubria,
247 1409 277 1464 et
298 1397 434 1465 ecclesiia
453 1395 660 1472 constructis,
687 1394 791 1460 sedem
810 1393 1022 1478 episcopalem
1045 1394 1079 1458 in
1104 1395 1164 1458 bo·

1 1573 2 1576 ,
52 1532 138 1578 nore
156 1509 258 1574 sancti
280 1506 425 1580 llartini,
459 1515 492 1570 et
513 1504 674 1568 basilicam
694 1502 796 1592 sancti
817 1501 905 1568 cruci
925 1501 1106 1568 dedicatam
1127 1501 1162 1566 in

1 1685 2 1688 ,
54 1620 128 1684 loco
158 1625 190 1682 et
220 1625 346 1690 castro,
380 1613 472 1698 quod
501 1611 679 1676 Traiectum
709 1610 855 1712 diciturp
879 1609 1052 1676 constituit.
1104 1609 1164 1675 Ubi

54 1727 267 1813 praedicans.
291 1743 391 1809 usque
413 1721 456 1786 ad
477 1719 612 1786 debilem
632 1728 827 1784 senectutem
849 1719 983 1796 meant,
1014 1728 1045 1783 et
1065 1719 1167 1782 finitis

55 1838 230 1922 longaevae
270 1830 379 1896 aetatis
410 1829 520 1895 diebus
551 1829 585 1892 in
618 1849 699 1913 pace
731 1827 873 1913 migravit
903 1826 947 1891 ad
978 1826 1162 1892 Dominum.

1 1995 2 2012 2
55 1946 208 2030 Princeps
237 1951 345 2006 autem
374 1940 571 2004 Francorum
602 1935 835 2002 commendarit
856 1935 931 2000 mibi
951 1935 1058 2000 aedem
1078 1934 1164 2000 illam

55 2055 100 2118 ad
121 2049 380 2119 constituendum
400 2058 431 2114 et
452 2044 672 2110 ordinandum
693 2045 896 2129 episcopum,
929 2045 1019 2128 quod
1040 2051 1072 2107 et
1091 2042 1163 2108 leci.

55 2164 148 2228 Nune
177 2171 284 2226 autem
306 2156 504 2224 Colonienaie
524 2153 690 2238 epiecopus
710 2171 781 2216 eam
801 2151 858 2214 sibi
879 2159 1029 2234 usurpat,
1063 2158 1095 2212 et
1117 2147 1160 2212 ad

1 2268 2 2284 ¹
47 2255 87 2336 ¹aa
118 2271 276 2357 pertinere
307 2267 405 2342 dicit.
439 2264 564 2330 ratione
594 2258 759 2326 cuiusdam
780 2257 923 2345 capellae
942 2278 962 2321 a
984 2252 1166 2342 Dagoberto

1 2406 2 2466 3
56 2400 127 2466 rege
137 2379 337 2444 Francorum
358 2376 394 2440 in
405 2373 529 2438 bonore
540 2380 672 2436 sanetae
683 2368 822 2434 Tbomae
844 2364 1164 2454 apostolilundatae,

1 2472 2 2554 l
58 2501 88 2555 et
108 2488 289 2555 Coloniensi
309 2485 461 2572 episcopo
482 2504 519 2548 aa
542 2479 732 2546 conditione
752 2475 1017 2550 commendatae,
1041 2485 1076 2538 ut
1097 2473 1165 2538 nt·

1 2605 3 2636 ¹
58 2619 152 2663 eones
183 2604 379 2662 converterat
409 2601 440 2657 et
469 2609 579 2656 eorum
608 2586 690 2651 loret
721 2587 945 2669 praedicator,
978 2582 1068 2667 quod
1098 2583 1165 2667 ipse

60 2727 129 2772 non
162 2705 248 2772 lecit.
291 2703 372 2766 llam
403 2699 515 2764 eadem
546 2713 623 2782 gens
643 2711 774 2777 pagana
794 2690 968 2774 permansit
1000 2690 1163 2773 usquead

59 2814 326 2901 praedicationem
348 2808 452 2874 sancti
474 2801 690 2876 Willibrordi,
715 2799 772 2885 qui
792 2797 854 2863 boc
875 2818 931 2882 per
954 2797 1008 2860 nei
1030 2797 1164 2880 gratiam

60 2935 92 2990 et
123 2919 313 3006 apostolicae
345 2917 426 2982 sadis
456 2911 678 2978 auctoritatem
705 2908 812 2992 coepit
831 2916 862 2970 et
884 2924 984 2991 usque
1003 2904 1045 2969 ad
1064 2904 1166 2968 finem

1 3012 2 3063 l
61 3032 145 3098 ritae
163 3027 373 3095 continuavit.
404 3023 474 3108 lpse
496 3029 601 3085 autem
621 3017 799 3082 Traiectum
821 3015 948 3082 veniens
968 3013 1167 3099 praedictam

1 3141 2 3182 l
62 3137 217 3226 capellam
247 3135 350 3200 sancti
370 3133 511 3196 Thomas
540 3149 640 3212 usque
661 3127 704 3190 ad
724 3126 826 3188 solum
847 3122 985 3187 dirutam
1004 3123 1170 3190 inveniens

1 3257 2 3270 ¹
62 3247 257 3333 epagatus,
279 3241 410 3329 proprio
430 3237 540 3302 labore
561 3232 785 3300 reaedificavit.
830 3231 925 3296 Nunc
946 3241 1051 3296 autem
1073 3231 1169 3297 Colo·

63 3356 177 3422 niensis
198 3353 363 3438 episcopus
384 3349 542 3414 vulteum
563 3341 619 3408 sibi
642 3340 831 3408 contrahere
853 3338 1102 3415 subiiciendam,
1136 3349 1168 3404 et

64 3487 133 3530 non
155 3463 310 3528 Romano
329 3455 488 3544 pontifici.
532 3450 700 3535 Respondi
721 3459 826 3513 autem
846 3448 905 3530 ipsi
925 3466 1043 3529 nuper,
1078 3446 1169 3530 quod

64 3576 170 3662 potius
200 3572 269 3638 fieri
288 3567 417 3634 deberet
438 3574 473 3628 ut
495 3559 659 3627 ordinatio
679 3555 873 3642 apostolieae
892 3553 974 3618 aedis
992 3551 1090 3636 Sergii
1110 3570 1170 3636 pa.

66 3703 147 3770 pac,
169 3691 201 3746 et
232 3678 350 3766 legatio
370 3669 543 3742 venerandi
563 3665 759 3734 Willibrordi
779 3659 1007 3748 praedicatoris
1028 3670 1172 3726 maneret

66 3796 104 3860 in
127 3792 251 3878 rigor03
273 3786 349 3872 quia
371 3802 488 3869 magua
509 3799 584 3866 pars
604 3776 707 3862 gentis
726 3773 892 3838 Frisonum
914 3769 1020 3836 adbuc
1040 3787 1172 3856 pagana

67 3912 132 3980 est,
166 3909 199 3965 et
232 3894 411 3964 nonnullae
442 3890 620 3955 destructae
648 3882 799 3950 aedesius
827 3891 859 3944 et
891 3881 962 3945 loca
984 3886 1174 3944 conmutata

67 4011 253 4098 profanata.
297 4003 361 4070 Sed
392 4001 458 4087 ipae
490 4017 561 4062 non
595 3992 768 4060 consentit.
813 3990 929 4057 Verum
960 3989 985 4050 si
1018 3983 1172 4060 volueris,

1 4147 2 4194 t
68 4123 112 4188 sic
145 4139 209 4186 nos
240 4113 392 4202 adjuvare
423 4106 557 4195 poteris,
589 4103 613 4168 si
634 4102 674 4166 de
695 4097 813 4165 scrinio
833 4095 1004 4160 Romanae
1023 4087 1178 4156 ecclesiae

1 4264 3 4351 p
69 4229 232 4315 exemplar
262 4222 354 4291 nobis
386 4216 595 4286 transmittere
628 4205 783 4294 digneris,
830 4202 1000 4270 continens
1030 4209 1178 4268 tenorem
