2916 5150
474 453 720 534 CHRONICON.
1100 472 1159 536 125

20 654 21 675 r
61 614 157 678 omnin
191 616 428 694 emolumento,
461 644 545 707 quse
575 624 629 687 iilo
662 645 754 690 enno
785 629 819 693 in
841 630 933 695 Frisin
959 633 1157 711 ceciderint,

20 731 21 738 ’
60 721 241 803 partientur.

18 1127 19 1162 ζ
60 1175 108 1232 De
123 1177 289 1246 proetus
302 1177 612 1242 meinent-nm
621 1185 824 1246 Frlsorrnn
840 1203 927 1249 cu
935 1193 1153 1266 nouandis,

18 1260 20 1312 ἓ
102 1269 139 1324 et
156 1270 395 1340 quinum-
413 1277 534 1344 κωπίω
552 1277 861 1340 occidentalium
879 1286 1099 1345 rusorum.

520 1478 608 1547 CAP.
629 1482 684 1547 xt.

18 1681 20 1717 '¹
93 1691 175 1752 Anno
206 1690 336 1757 Domini
358 1695 472 1761 mclxvi
495 1696 635 1760 videntes
656 1698 878 1766 Occidentcies
900 1703 983 1768 Frisii
1004 1707 1150 1771 comitem

19 1841 20 1848 t
62 1789 233 1861 Florentium
266 1802 374 1865 multis
405 1801 570 1868 detentum
591 1808 744 1890 negotiis.
769 1824 1040 1896 congregnrerunt
1061 1835 1151 1878 exer·

62 1899 141 1965 citum
171 1917 200 1969 et
232 1910 431 1992 pertransito
462 1910 559 1976 fluvio
592 1926 744 1978 venerunt
768 1918 976 1994 Alcmerinm,
1001 1921 1150 1986 commis-

20 2026 141 2103 seque
169 2015 295 2096 proelio
316 2015 505 2081 occiderunt
527 2017 567 2080 de
589 2020 852 2085 Alcmeriensibus
873 2026 1034 2109 octoginta
1055 2027 1147 2092 viros.

21 2107 24 2222 Ι
60 2113 162 2184 Deinde
190 2132 297 2186 totum
330 2124 484 2210 oppidum
514 2137 645 2211 excepte
677 2126 828 2192 ecclesia
841 2129 950 2214 (quem
984 2135 1146 2195 communi

20 2222 22 2262 t
59 2221 166 2291 decreto
196 2232 338 2296 illaesam
368 2235 584 2319 servaverunt)
620 2233 867 2302 combusserunt
909 2236 1029 2300 Deinde
1059 2258 1146 2300 enno

20 2338 23 2477 p
60 2329 161 2398 Domini
173 2339 310 2404 mclxviii
321 2341 495 2405 Florentius
516 2363 621 2408 comes
637 2343 841 2427 congregent
851 2343 1021 2408 exercitum
1032 2344 1145 2408 fortem

20 2447 82 2500 et
99 2462 261 2530 magnum,
284 2449 498 2535 ingressusque
519 2451 644 2515 Frisirnn
665 2461 766 2516 cestre
789 2461 923 2516 metatus
944 2461 988 2516 est
1009 2452 1041 2516 in
1062 2471 1145 2538 pago

21 2574 23 2602 e
59 2544 166 2627 Fusias,
199 2557 259 2640 qui
281 2555 396 2621 dicitur
416 2557 557 2622 Schoeri.
600 2558 743 2643 Cumque
763 2579 869 2623 comes
889 2558 1007 2622 ibidem
1022 2580 1145 2625 morem

58 2652 172 2737 feceret,
202 2684 315 2728 secum
343 2675 466 2728 mature
498 2664 697 2740 deliberans,
731 2686 796 2749 qun
818 2667 886 2738 vin.
922 2686 1025 2748 quove
1045 2666 1144 2730 modo

20 2808 21 2834 ι
59 2759 138 2828 Frisiis
166 2770 298 2836 devictis
330 2771 475 2836 dominio
506 2782 618 2855 optato
637 2773 810 2858 potiretur,
844 2771 976 2858 qnidam
997 2773 1060 2836 eius
1082 2792 1144 2837 no-

20 2846 21 2898 3
58 2865 118 2935 biles
141 2897 250 2944 morae
278 2880 497 2963 impatientes,
531 2887 584 2944 eut
617 2891 701 2944 certe
722 2881 860 2965 prnedee
881 2878 984 2955 nvidi,
1018 2891 1142 2965 sumpte

60 2995 145 3044 tecum
184 2996 275 3070 parte
320 2986 472 3050 exercitus
506 2987 722 3069 (dissuadente
756 2997 860 3051 temen
895 2986 1022 3070 comite)
1057 2987 1140 3050 ultro

60 3083 165 3154 Frisiem
204 3094 335 3180 ingressi
378 3105 451 3157 sunt
494 3104 525 3158 et
545 3115 683 3179 pagum.
719 3094 775 3178 qui
807 3093 968 3180 Scheegen
1003 3094 1138 3168 dicitur,

61 3191 272 3279 incenderunt,
308 3213 405 3288 etque
438 3213 534 3286 cepte
564 3201 682 3287 prneda
715 3221 831 3286 magne
853 3203 894 3266 ad
916 3213 1017 3267 cestra
1039 3202 1140 3266 redire

61 3320 220 3388 torpemnt.
264 3313 304 3374 At
327 3311 412 3374 Frisii
435 3311 560 3374 latentis
581 3311 613 3374 in
633 3309 752 3374 insidiis
773 3331 877 3395 nequo
899 3313 1004 3375 animo
1025 3311 1140 3376 incen-

61 3405 100 3472 dit
126 3426 153 3477 et
183 3419 396 3504 direptionem
429 3418 585 3483 bonorum
618 3438 744 3482 suornm
766 3416 930 3490 ferebant.
964 3416 1139 3481 dummodo

61 3514 170 3588 notoria
200 3527 241 3592 de
272 3526 404 3591 inimicis
432 3527 622 3612 potirentur.
668 3524 810 3608 Cumque
842 3543 918 3606 ergo
949 3523 1087 3586 redirent
1108 3534 1138 3588 et

60 3627 189 3696 venisent
210 3637 297 3701 circe
318 3635 389 3700 loce
410 3633 617 3707 insidiarum,
642 3631 692 3696 eiii
714 3652 753 3694 ex
769 3629 910 3704 diverso.
935 3628 987 3692 atii
1007 3650 1045 3693 ex
1065 3630 1139 3694 insi·

61 3725 344 3828 disrumpentes,
389 3744 504 3806 durum
546 3741 745 3806 commissum
777 3747 823 3802 est
854 3739 1028 3822 proelium,
1063 3750 1139 3803 ten·

61 3832 175 3927 dentque
205 3851 303 3915 Frisiis
336 3851 425 3916 cessit
456 3851 607 3926 victorie,
651 3859 682 3912 et
714 3847 795 3912 caesi
825 3857 899 3910 sunt
929 3847 993 3911 fere
1026 3867 1137 3911 omnes

61 3943 219 4034 adversarii,
240 3959 350 4045 paucis
372 3959 498 4044 elapsis,
521 3958 576 4042 qui
597 3958 775 4020 nuntiarent
798 3955 932 4019 Domino
953 3975 1020 4017 suo.
1051 3954 1137 4017 Inter

61 4068 127 4133 F¹⁰⁸
151 4067 235 4131 muti
267 4067 456 4132 occiderunt
487 4065 628 4139 nobiles,
659 4083 794 4148 quorum
817 4079 952 4144 corpore
975 4059 1077 4123 delete
1099 4061 1134 4124 in

60 4174 231 4239 monasterio
259 4176 474 4263 Egnrnndensi
507 4195 580 4240 curn
602 4173 689 4236 luctu
711 4179 742 4234 et
764 4188 906 4234 moerore
926 4187 1054 4232 suorum
1075 4168 1136 4234 ibi·
