2916 5150
479 493 726 558 CHRONICON.
1098 497 1156 560 tta

53 662 171 748 egerit,
207 661 296 746 quod
329 662 418 745 signa
438 662 602 726 irascentis
623 660 780 737 ostendit,
815 671 849 724 ut
871 661 914 726 ad
935 682 1006 726 eum
1029 643 1157 728 celerius

1 797 2 850 f
51 792 110 854 per
131 759 361 853 poenitentiam
381 779 591 845 revertamur,
627 771 682 856 qui
712 769 943 855 proculdubio
965 780 1043 837 tunc
1064 772 1157 838 rebe·

1 935 2 960 ᾖ
52 887 178 942 menter
209 877 371 952 irascitur,
407 898 480 940 cum
512 899 586 963 erga
617 889 790 963 peccantes
819 878 1011 962 dedignatus
1043 880 1154 958 irasci,

1 971 2 982 ἶ
53 1008 109 1051 eos
127 985 277 1070 propriae
296 983 408 1048 deserit
430 987 605 1062 voluntati,
645 986 752 1052 donee
774 998 937 1072 tamquam
959 988 1099 1052 iumenta
1121 991 1156 1052 in

1 1111 2 1138 t
52 1094 113 1156 suis
147 1089 333 1156 stercoribus
353 1103 620 1177 computrescant.
673 1095 789 1180 Sicque
809 1097 845 1159 fit
866 1095 957 1180 quod
977 1095 1055 1159 nihil
1075 1096 1157 1159 inse·

1 1191 2 1194 ¹
53 1201 142 1263 licius
169 1201 317 1265 felicitate
346 1203 571 1285 peccantium,
606 1203 685 1267 sicut
718 1201 796 1266 nibil
829 1214 874 1266 est
905 1224 984 1287 pene
1005 1203 1157 1268 salubrius

52 1309 252 1373 correctione
285 1308 537 1394 delinquentium
567 1310 724 1375 festinata.
768 1311 910 1375 Ceterum
931 1311 986 1374 etsi
1008 1331 1075 1373 non
1097 1311 1154 1386 sit,

50 1416 109 1502 qui
141 1416 310 1480 voluntatis
339 1415 467 1482 divinae
500 1418 603 1482 valeat
633 1418 765 1483 reddere
795 1419 971 1494 rationem,
1005 1418 1157 1481 audacter

51 1535 161 1588 tamen
184 1524 363 1599 asserimus,
394 1524 483 1610 quod
514 1547 586 1590 cum
608 1546 678 1591 non
700 1527 737 1590 sit
759 1526 939 1592 abbreviata
950 1547 1072 1591 manus
1094 1525 1156 1588 llo·

1 1633 2 1706 ἶ
50 1634 149 1708 mini,
185 1654 246 1698 nec
267 1634 361 1698 virtus
381 1635 445 1698 eius
466 1635 500 1698 in
522 1635 632 1721 aliquo
653 1635 830 1712 diminuta,
867 1637 945 1720 quin
968 1634 1105 1722 quando
1126 1643 1157 1696 et

1 1779 2 1824 ,
51 1741 220 1826 quomodo
261 1741 353 1817 velit,
388 1741 514 1805 Terram
543 1742 695 1809 Sanctam
728 1745 831 1809 valeat
861 1744 1013 1821 liberare,
1056 1744 1157 1828 ipsam

51 1860 159 1914 tamen
203 1849 247 1913 ad
287 1850 541 1915 exercitationem
583 1851 722 1915 fidelium
755 1854 875 1936 patitur
905 1853 946 1917 ab
975 1851 1156 1916 infidelibus

1 1969 2 2026 t
50 1959 206 2033 detineri,
231 1969 265 2021 ut
287 1959 420 2045 legitime
440 1979 500 2043 pro
521 1959 709 2024 Hierusalem
732 1970 890 2026 terrenam
911 1972 1084 2037 certantes,
1120 1961 1156 2024 in

50 2068 177 2133 coelesti
209 2067 345 2153 figurata
377 2087 434 2150 per
465 2067 558 2130 istam
589 2077 744 2143 coronet,
780 2070 868 2132 cuius
888 2079 933 2132 est
954 2069 1156 2153 participatio

1 2239 2 2262 ,
50 2175 116 2238 eius
136 2176 171 2237 in
192 2176 338 2259 idipsum.
380 2175 419 2238 Et
440 2175 570 2259 quidem
591 2175 682 2238 huius
703 2175 747 2238 rei
768 2177 869 2262 gratia
892 2177 1062 2240 multorum
1084 2177 1155 2237 mil·

51 2283 126 2346 lium
160 2284 283 2347 animas
304 2305 323 2348 a
345 2291 446 2346 morte
466 2283 615 2357 salvarit,
650 2281 757 2346 adhuc
778 2284 877 2347 multo
898 2285 1032 2367 plurium
1054 2285 1156 2346 salva·

56 2401 149 2456 turus.
194 2392 280 2456 Sane
301 2412 374 2456 curn
398 2391 457 2454 alia
480 2391 546 2454 vice
567 2390 710 2455 Frisones
731 2392 886 2476 signanter
906 2401 936 2456 et
958 2400 1153 2476 apparenter,

52 2501 138 2565 iacto
160 2500 264 2566 navali
286 2499 445 2574 exercitu,
481 2499 653 2563 servierunt
675 2500 812 2564 Domino
833 2501 866 2562 in
889 2501 1030 2584 partibus
1052 2511 1155 2564 trans·

1 2599 2 2678 ?
49 2609 199 2684 marinis,
233 2610 277 2672 ita
310 2606 400 2692 quod
420 2606 600 2668 memoriale
629 2606 769 2690 ipsorum
790 2605 1000 2670 recensebitur
1022 2629 1040 2669 a
1061 2629 1155 2692 gene·

1 2699 2 2777 l
47 2715 228 2780 rationibus
259 2714 463 2778 laudantibus
495 2734 614 2777 nomeu
638 2724 791 2778 vestrum:
837 2713 900 2778 Vos
921 2724 1084 2797 tamquam
1106 2718 1155 2778 iu·
1243 2762 1246 2767 «

48 2825 151 2910 signes
172 2822 282 2889 Christi
305 2822 436 2886 athletas
457 2822 498 2885 ad
520 2822 584 2914 eius
606 2821 790 2906 obsequium
812 2821 958 2884 duximus
978 2823 1154 2905 specialiter

48 2933 275 3011 advocandos;
308 2932 433 2995 firmam
463 2951 550 3015 spem
583 2930 799 3015 fiduciamque
834 2941 997 3005 tenentes,
1030 2940 1064 2994 ut
1098 2931 1152 3015 qui

46 3042 170 3126 polletis
203 3042 284 3103 iuter
305 3049 444 3104 caeteras
464 3037 610 3103 nationes
630 3039 896 3123 magnanimitate
917 3051 948 3103 et
969 3040 1153 3104 fortitudine

46 3149 204 3233 proelium
230 3148 356 3211 Domini
388 3146 584 3230 proeliemini
616 3146 739 3212 viriliter
760 3158 790 3209 et
812 3156 970 3229 potenter.
1013 3148 1153 3233 Ideoque

46 3258 280 3322 universitatem
311 3267 444 3322 vestram
476 3275 641 3341 rogamus,
678 3273 843 3317 monemus
874 3264 904 3318 et
934 3253 1096 3319 hortamur
1117 3259 1151 3318 in

47 3367 188 3430 Domino
220 3374 356 3442 attente,
390 3373 420 3426 et
441 3383 497 3447 per
519 3362 695 3446 apostolica
717 3361 803 3428 vobis
823 3363 939 3447 scripta
961 3364 1152 3427 mandamus

46 3475 82 3538 in
112 3473 323 3536 remissionem
354 3471 579 3555 peccaminum
611 3470 699 3534 vobis
729 3471 947 3554 iniungentes,
995 3482 1152 3554 quatenus

46 3582 246 3649 attendentes
276 3579 467 3665 prudenter,
502 3579 592 3663 quod
627 3599 696 3642 non
728 3579 784 3663 qui
817 3579 976 3662 coeperit,
1011 3578 1065 3642 sed
1096 3581 1151 3664 qui

44 3690 286 3777 perseveraverit
318 3687 573 3754 commendatur.
622 3689 660 3751 Et
691 3685 889 3750 currentibus
910 3688 944 3749 in
966 3687 1068 3751 stadio
1091 3689 1151 3754 vir-

45 3799 164 3862 tutibus
196 3798 346 3862 universis
374 3797 440 3860 sola
470 3797 695 3881 perseverantia
727 3795 871 3859 bravium
911 3796 1027 3880 accipit
1058 3799 1151 3862 desti·

45 3917 166 3972 natum.
211 3908 275 3973 Vos
305 3916 401 3990 caput
433 3914 464 3969 et
495 3905 632 3969 caudam
663 3903 783 3967 hostiae
806 3904 943 3966 Domino
965 3905 1148 3980 immoletis,

46 4018 194 4082 navalem
224 4015 451 4102 praeparando
484 4013 671 4086 exercitum,
707 4019 741 4073 ut
772 4020 889 4073 statuto
921 4013 1065 4095 passagio
1087 4014 1150 4076 llo·

45 4127 135 4188 mino
157 4125 361 4202 succurratis,
385 4123 484 4199 certi,
508 4121 531 4184 si
553 4121 688 4206 legitime
709 4119 916 4194 certaveritis,
952 4120 993 4184 de
1015 4141 1148 4189 corona.

45 4233 119 4298 Non
154 4233 239 4297 enim
273 4231 399 4297 taedere
421 4251 476 4296 vos
509 4229 598 4294 decet
621 4227 663 4291 illi
686 4226 814 4292 modico
837 4238 978 4312 tempore
1000 4231 1148 4308 militare,
