2950 5144
480 483 728 554 cttttottlcott.
1122 495 1157 560 ll

53 651 165 718 andro
196 651 230 714 in
262 651 440 719 servitutem
471 651 593 719 redacti
622 655 770 733 fueraut,
803 657 903 723 odiosi
936 658 1039 726 effecti
1071 672 1157 728 aaut.

53 760 166 825 Simile
183 758 412 845 quippetutius
422 758 554 838 Caesar,
566 759 652 830 Titus
670 761 789 841 livius,
801 764 986 842 Suetonius,
998 765 1163 835 Cornelius

53 868 202 946 Tacitus,
237 866 417 953 caeterique
455 868 533 933 cleri
571 879 716 937 auctores
745 870 915 939 Romanoa
943 874 1050 941 iecisse
1081 895 1160 942 aar·

53 987 137 1044 rant.
173 976 239 1059 Qui
259 996 359 1062 quum
378 975 490 1042 orbem
510 976 581 1042 urbi
601 978 800 1058 utbiicereut,
824 981 867 1047 de
886 984 1030 1048 extremis
1049 983 1160 1070 Hispa·

53 1088 184 1151 niarmn
215 1085 448 1170 Galliarumque
477 1083 595 1152 finibus
616 1107 716 1153 novas
736 1089 793 1156 sibi
814 1091 952 1178 legiones
971 1092 1159 1172 auxiliares,

52 1205 227 1280 postquam
262 1191 378 1260 devicti
407 1203 505 1279 atque
536 1194 658 1261 subacti
679 1197 827 1273 luerunt,
851 1219 973 1284 semper
991 1201 1159 1286 conscrip-

54 1313 180 1372 serunt.
219 1302 257 1366 llt
289 1299 369 1364 baec
400 1301 530 1386 quidem
562 1302 604 1366 de
636 1303 737 1388 prima
768 1313 801 1368 et
833 1305 997 1389 vulgatiori
1017 1306 1158 1374 editione

55 1411 148 1477 dicta
168 1408 329 1475 strfficiant.
362 1408 463 1474 Porro
485 1409 546 1474 alia
568 1409 679 1488 editio,
698 1430 786 1497 quae
807 1411 848 1477 de
860 1411 981 1499 origine
992 1411 1158 1480 Frisonum

55 1519 236 1604 conscripta
266 1515 419 1594 habetur,
453 1535 524 1582 non
545 1520 678 1584 multum
700 1519 742 1584 ab
763 1519 827 1597 his,
850 1541 935 1607 quae
955 1519 1042 1586 dicta
1063 1535 1155 1600 sumt,

53 1628 224 1712 discrepat.
267 1624 347 1690 Dicit
369 1643 510 1710 namque
530 1627 642 1692 deoem
663 1647 761 1692 nares
781 1649 820 1692 ex
839 1629 912 1694 Asia
932 1649 1036 1696 versus
1056 1631 1157 1696 Euro·

52 1757 150 1822 pam,
185 1744 221 1799 ut
252 1733 310 1798 sibi
337 1752 436 1799 noras
466 1745 652 1820 quaererent
680 1737 787 1817 sedes,
821 1738 945 1803 emissas
964 1748 1037 1823 post
1056 1741 1156 1807 multa

52 1845 148 1910 maris
180 1841 319 1928 pericula
351 1840 393 1906 ad
424 1839 592 1906 Hiberniae
623 1843 760 1911 insulam
789 1847 925 1932 primunr
949 1846 1153 1931 applicuisse,

50 1952 162 2039 ibique
192 1950 368 2016 donatione
399 1951 479 2035 regis
510 1959 611 2016 terrae
653 1963 789 2038 accepto
820 1951 1026 2021 habitationis
1058 1956 1152 2031 loeo,

52 2059 102 2126 ad
122 2059 209 2123 littus
227 2059 336 2124 oceani
356 2067 417 2123 tres
436 2060 585 2122 mansisse
605 2080 722 2137 nares,
754 2061 890 2146 reliquus
911 2071 1017 2127 autem
1037 2075 1154 2150 septem

51 2165 182 2231 ulterius
201 2163 380 2251 navigasse,
404 2165 512 2231 donec
532 2165 575 2230 ad
597 2167 709 2231 ostium
729 2166 849 2231 Amasis
868 2168 975 2242 fluvii,
997 2167 1052 2232 ubi
1073 2168 1155 2234 Oce-

52 2295 121 2340 ano
151 2273 277 2349 influit,
310 2273 520 2358 pervenirent.
562 2273 666 2357 Quem
696 2275 853 2362 ingressae
873 2274 1019 2342 viderunt
1042 2286 1156 2341 terram

14 2401 18 2410 ·
52 2385 87 2448 in
127 2392 265 2467 utraque
303 2381 443 2447 fluminis
471 2402 529 2449 ora
559 2382 727 2468 pinguem,
768 2382 962 2450 habitatores
992 2404 1068 2450 vero
1101 2395 1156 2450 aut

51 2511 192 2578 pannos,
227 2498 282 2553 aut
304 2489 418 2555 nullos.
463 2489 571 2570 Quare
604 2510 700 2559 nares
731 2493 843 2578 egressi
865 2492 1073 2576 possederunt
1093 2504 1155 2558 ter·

51 2619 126 2662 ram
147 2608 178 2663 et
207 2597 390 2677 coluerunt3
426 2607 457 2662 et
486 2617 635 2683 processu
656 2599 804 2683 temporis
824 2599 1020 2684 multiplicati
1042 2620 1155 2667 nume·

2 2689 3 2744 l
51 2728 158 2794 roque
177 2715 352 2772 crescentes
372 2705 583 2772 dilataverunt
605 2707 754 2769 terminos
774 2726 846 2768 suos
866 2708 1000 2790 expulsis
1019 2713 1151 2792 procul,

2 2801 3 2874 l
51 2818 77 2881 si
96 2817 155 2902 qui
174 2817 318 2892 fuerant,
343 2822 444 2878 terrae
462 2810 692 2877 habitatoribus
711 2822 742 2875 et
763 2811 886 2887 vicinis,
909 2821 1005 2896 atque
1025 2833 1155 2880 omnem

51 2936 172 2990 terram
201 2925 236 2988 in
267 2933 384 3008 septem
414 2922 567 2988 distinctis
598 2921 746 2986 limitibus
771 2920 971 3005 provincias,
1016 2932 1071 2985 aut
1105 2923 1155 3008 (ut

51 3031 159 3118 passo
178 3049 267 3096 more
285 3029 413 3117 loquar)
445 3029 612 3096 aaronem
640 3029 823 3097 attumne.
865 3030 904 3094 nr
924 3030 1004 3096 naec
1024 3031 1155 3118 praem

52 3141 205 3204 discretus
233 3149 265 3203 et
294 3137 466 3205 benevolus
496 3140 597 3204 lector
625 3138 718 3203 facile
751 3159 823 3203 cum
844 3138 1052 3224 superioribus
1072 3162 1155 3206 con·

2 3291 3 3328 3
53 3248 189 3314 cordare
208 3257 322 3333 potest.
366 3244 453 3312 ilaec
472 3246 567 3332 igitur
587 3254 661 3310 arnt
682 3267 765 3332 quae
786 3246 828 3311 de
848 3247 969 3330 origiue
989 3247 1154 3314 Frisouum

53 3369 120 3424 tam
151 3355 239 3442 apud
257 3357 342 3440 ipsos
361 3354 522 3431 Prienaee,
556 3373 657 3440 qtram
678 3357 773 3420 etiam
794 3355 882 3440 apud
903 3355 1046 3422 Saxones
1066 3359 1156 3423 inve·

54 3467 124 3532 nire
144 3465 247 3551 potui.

94 3574 195 3640 Nunc
236 3580 330 3638 restat
369 3569 537 3636 dicendum
580 3578 695 3635 eontra
739 3567 923 3652 opinionem
951 3567 1157 3654 quorundam

56 3683 254 3759 dicentium,
285 3679 430 3757 Frisones
456 3686 530 3764 post
558 3685 689 3762 ceptam
710 3673 956 3760 iherosolymam
977 3695 1034 3762 per
1054 3675 1157 3742 Titum

54 3813 76 3856 a
109 3788 235 3854 ludaeis
265 3799 350 3858 tune¹
374 3786 508 3853 venditis
535 3806 576 3851 ao
605 3805 663 3869 per
694 3783 805 3848 orbem
836 3783 978 3870 dispersis
998 3789 1160 3871 sumpsisse

54 3897 231 3964 exordium.
273 3898 361 3960 Inter
394 3915 477 3981 quos
506 3892 636 3961 invenio
665 3890 878 3958 venerabilem
898 3904 1021 3976 patrem
1042 3893 1159 3959 Reine·

53 4025 124 4071 rum
165 4005 416 4072 Carthusiensem
446 3999 578 4066 civitatis
606 3998 760 4065 Coloniae
790 4000 891 4064 virum
920 4020 998 4085 prae
1030 3999 1160 4064 caeteris

54 4112 95 4180 de
115 4114 179 4180 bac
198 4114 330 4180 materia
350 4107 557 4178 scribentibus
577 4107 723 4172 doctrina
744 4117 776 4171 et
796 4107 976 4190 eloquentie
997 4105 1156 4194 insignem,

54 4224 112 4306 qui
143 4225 318 4310 elegantem
352 4226 522 4285 tractatum
556 4213 596 4282 de
626 4213 769 4299 origine,
805 4212 899 4278 laude
927 4224 959 4280 et
992 4215 1163 4283 illustribus
