2916 5150
494 444 741 512 cuttotttcolt.
1109 453 1170 522 177

65 613 155 700 qued
188 622 271 678 tune
303 622 433 698 propter
463 615 631 680 continuas
661 616 914 701 impugnationes
940 617 1164 687 circumiacen-

0 786 1 793 ,
65 724 143 786 tium
175 721 360 808 principum
381 743 487 786 rorum
508 724 565 787 suit
586 724 686 788 Frisiis
706 735 737 789 et
757 747 895 804 norum,
928 750 1018 795 enne
1039 731 1164 796 Domini

69 831 243 908 meconii,
267 833 320 896 sed
343 852 413 897 non
442 833 584 910 duravit,
607 833 683 920 quie
704 855 810 900 comes
829 837 1015 905 llollendiee
1035 841 1099 906 cito
1119 842 1167 907 le·

64 943 231 1009 'belactere
251 943 371 1008 studuit
392 943 478 1008 hene
497 965 620 1029 paoem.

108 1209 295 1265 SDQDDD'I'DR
324 1207 470 1252 AMICUM
500 1207 533 1251 tlt
563 1205 707 1250 GOlffllllll
728 1206 944 1254 convencione
966 1211 1027 1257 DDD
1047 1211 1125 1257 con·

194 1317 388 1364 stttsvnrtonn
420 1316 621 1362 antrustione
651 1315 670 1358 Δ
699 1316 875 1361 tttttsottutus
894 1317 1044 1364 concentu

371 1427 412 1469 tt'o
437 1425 589 1470 onomast
615 1425 759 1473 TEMPORE
779 1426 875 1473 nacto.

110 1607 151 1670 ln
198 1601 333 1668 nomine
366 1599 513 1675 Domini,
555 1619 660 1668 amen.
712 1601 811 1664 Anno
842 1601 1012 1668 nativitatis
1042 1600 1168 1667 Domini
1264 1591 1267 1600 ¹

73 1713 259 1786 meecxxiii,
293 1710 391 1774 altera
413 1708 464 1774 die
486 1707 652 1776 lamberti.
696 1709 760 1775 Nos
780 1711 996 1796 greetmenni,
1030 1711 1166 1788 indices,

71 1824 206 1913 praelati
248 1832 279 1885 et
322 1820 423 1885 clerus
454 1825 605 1882 terrerum
636 1816 784 1906 Oestergo
814 1830 845 1885 et
878 1822 1061 1908 Westergo,
1095 1841 1168 1887 eum

70 1933 206 2000 caeteris
225 1929 384 1994 Zelandiis
404 1927 533 2000 Frisine,
568 1927 611 1990 ed
631 1929 840 1994 concordiam
861 1943 891 1996 et
912 1932 1169 1998 reformationem

69 2041 340 2112 constitutionum
358 2034 592 2120 Opslallisbaem
613 2036 865 2114 constitutorum,
887 2039 1100 2105 ordinavimus
1120 2042 1171 2106 di·

69 2155 232 2220 versitates
263 2148 421 2210 literarum
452 2141 510 2206 sub
530 2141 590 2206 hee
613 2143 735 2219 lorma,
770 2145 896 2230 singulis
916 2147 1052 2212 articulis
1072 2147 1171 2213 ielor·

72 2265 163 2334 malis
185 2271 218 2325 et
241 2254 426 2340 conscriptis
447 2272 537 2316 nunc
559 2262 589 2315 et
609 2263 763 2338 perpetuo
783 2253 930 2320 valituris.

78 2375 80 2379 ’
473 2362 593 2425 Primus
614 2361 779 2428 Articulus.

113 2481 147 2544 Si
186 2475 301 2562 uliquis
320 2472 465 2558 princeps
485 2471 631 2536 secularis
653 2469 700 2536 vel
729 2471 913 2557 spiritualis,
949 2473 1172 2564 cuiuscumque

65 2589 213 2656 nominis
242 2586 291 2650 vel
320 2582 480 2668 dignitatis
509 2581 638 2655 existat,
674 2601 731 2642 nos
761 2581 903 2644 Frisones
925 2584 972 2646 vel
992 2587 1115 2670 aliquos
1134 2608 1172 2652 ex

65 2699 192 2765 nostris
223 2690 473 2780 impugnaverit,
507 2688 616 2753 volens
646 2707 706 2751 nos
735 2687 809 2773 iugo
831 2687 981 2754 subiicere
1001 2695 1170 2773 servitutis,

63 2808 239 2878 communi
282 2821 440 2869 concursu
481 2807 512 2862 et
544 2807 664 2892 armeta
696 2817 796 2861 manu
828 2808 969 2864 nostram
993 2799 1172 2900 ³libertatem

61 2930 188 2986 mutuo
217 2926 370 2980 tueamur.
413 2971 416 2986 ,

329 3037 332 3044 ·
450 3015 614 3082 Secundus
639 3015 803 3082 Articulus.

113 3137 158 3200 Ut
193 3151 242 3196 res
270 3129 355 3193 furto
374 3126 533 3202 sublatae,
568 3124 791 3208 cuiuscumque
823 3125 940 3206 suerint
961 3127 1173 3209 conditionis,

71 3244 166 3332 apud
199 3256 432 3328 quemcumque
465 3233 680 3318 reperiantur,
715 3253 790 3297 vero
823 3255 862 3298 ae
893 3236 1030 3321 legitimo
1052 3239 1175 3304 restitu-

71 3365 176 3418 entur
197 3348 382 3436 possessori,
420 3345 521 3430 pretio
542 3343 705 3408 solutionis
726 3344 854 3408 minime
875 3348 1051 3428 persoluto,
1076 3351 1174 3414 iurem

70 3485 153 3531 vero
186 3459 355 3544 suspendio
386 3454 594 3540 praecipimus
615 3453 835 3518 condemnari.
883 3455 915 3517 Si
937 3467 1042 3519 autem
1065 3458 1176 3542 aliquis

70 3595 123 3639 res
159 3573 244 3636 lurto
277 3565 413 3630 sublatas
444 3573 498 3625 aut
520 3563 620 3624 furem
642 3561 794 3624 violenter
815 3561 978 3626 detinuerit
999 3573 1053 3626 eut
1073 3565 1177 3629 scien·

70 3695 146 3757 ter,
173 3679 216 3744 ad
238 3671 487 3740 satisfaciendum
508 3670 549 3734 de
570 3670 661 3733 dictis
682 3669 771 3732 lurtis
793 3679 956 3745 teneatur,
990 3673 1077 3737 etin
1099 3695 1177 3760 poe·

73 3811 159 3856 nam
188 3785 350 3874 judicibus
381 3782 488 3870 viginti
520 3781 617 3854 solvat
648 3799 772 3844 marcas
800 3781 977 3866 sterlingen.
1020 3783 1107 3847 Idem
1137 3786 1178 3850 de

72 3899 187 3988 spoliis
208 3907 238 3960 et
260 3894 300 3958 de
321 3891 412 3956 rebus
432 3889 571 3974 spolietis
593 3887 749 3952 observari
771 3889 921 3954 volumus.

481 3997 599 4061 Tertius
620 3997 785 4063 Articulus.

120 4113 321 4182 Incendierii
342 4109 492 4176 nocturni
515 4118 776 4181 concrementur,
810 4106 915 4170 diurni
937 4128 1008 4170 vero
1031 4106 1180 4174 damnum

51 4226 223 4295 ¹incendii
257 4222 414 4288 taxatione
444 4217 611 4303 praemissa
644 4215 678 4280 in
699 4217 843 4300 septuplo
864 4229 1126 4302 recompensent,
1151 4231 1181 4286 et

1022 4328 1061 4392 12
