2950 5144
500 517 748 584 cartontcon.
1129 520 1172 586 n7

62 693 186 770 copatu
219 693 251 746 et
282 683 486 750 Traiectensis
515 685 768 771 archiepiscopus
788 665 945 753 secundus
966 687 1171 766 constitutus.

1 806 2 823 ³
63 791 340 880 praedicationem
369 805 524 860 asancto
545 795 752 861 willibrordo
781 818 837 882 W
866 798 994 862 mim
1014 799 1174 884 inoepnm

1 919 2 1004 q
62 903 200 969 fideliter
233 901 472 988 exsequebatur.
527 905 589 986 Qui
619 925 692 969 cum
726 907 835 971 decem
865 916 897 972 et
929 927 982 972 sex
1003 907 1098 971 annis
1117 925 1175 992 per

1 1015 2 1051 ³
64 1013 194 1078 frisiam
236 1011 466 1097 praedicasset,
507 1014 659 1100 martyrio
692 1016 726 1078 in
760 1016 907 1081 Dockum
939 1035 1012 1082 cum
1042 1035 1111 1080 uno
1142 1025 1174 1080 et

64 1121 299 1210 quinquaginta
329 1120 477 1184 fratribus
506 1133 695 1189 coronatur.
738 1124 818 1188 Nam
851 1125 1010 1190 nimiam
1031 1125 1175 1210 eorporis

1 1211 2 1264 i
64 1233 111 1296 sni
156 1229 395 1295 dimomtionem
435 1229 492 1294 sibi
524 1231 683 1296 imminere
715 1234 932 1317 praesensisset
963 1253 1038 1299 cnm
1068 1232 1175 1299 electis

1 1417 2 1422 ἵ
66 1339 129 1404 sibi
158 1338 268 1413 sociis,
302 1335 445 1401 videlicet
474 1335 607 1402 Ecbano
627 1339 798 1424 episcopo,
821 1339 1059 1426 Winthrungo‚
1082 1341 1176 1406 Wal-

70 1459 163 1522 tero.
197 1467 237 1510 ac
262 1444 480 1530 arnatanotr)
513 1445 718 1533 presbyteris,
751 1448 950 1527 Haimundo,
985 1449 1175 1514 Schirbaldo

69 1575 114 1620 ac
133 1555 255 1618 Besone
275 1553 386 1629 levitis,
411 1554 595 1632 Waokaro‚
619 1556 803 1634 Gunthero,
827 1558 952 1644 Hilgero
974 1579 1014 1624 ac
1035 1557 1176 1624 Bertullo

67 1661 259 1736 monachis,
303 1670 402 1747 atque
443 1664 574 1728 caeteris
615 1665 739 1751 triginta
755 1665 803 1752 (†)
836 1687 977 1733 sumrnae
1007 1667 1176 1733 honestatis

69 1773 158 1850 viris,
183 1791 315 1835 ascensa
337 1771 411 1847 nari
442 1770 563 1836 flumen
583 1773 728 1840 Alcmere
749 1775 903 1842 traiiciens
923 1777 1049 1844 Frisium
1070 1777 1177 1862 ingre·

69 1881 168 1945 ditur.
211 1879 318 1960 Quam
339 1899 468 1944 omnem
488 1881 713 1966 perambulans
732 1883 863 1949 verbum
886 1885 940 1949 llei
961 1885 1081 1969 ubique
1102 1903 1175 1948 cum

69 1989 196 2075 ingenti
214 1988 337 2053 fervore
357 1988 584 2071 praedicabat,
619 1989 813 2076 paganicum
844 2002 876 2056 et
898 2003 1078 2060 terraneum
1100 2015 1177 2080 gen·

69 2097 191 2163 tilitatis
220 2117 341 2161 morem
374 2098 589 2174 destruendo,
620 2099 831 2184 ecclesiasque
862 2101 1000 2165 delubris
1031 2103 1177 2166 desolatis

1 2245 2 2248 =
68 2207 192 2293 ingenti
222 2206 328 2271 studio
357 2206 560 2272 fabricando.
605 2205 664 2271 Ubi
693 2207 792 2272 multa
814 2207 976 2272 hominnm
998 2209 1103 2283 milia,
1132 2209 1178 2272 ri·

69 2338 203 2391 rorum,
236 2315 418 2390 mulierum,
454 2314 509 2378 sed
541 2323 573 2378 at
604 2315 829 2399 parvulorum,
866 2337 940 2381 curn
961 2313 1179 2381 commilitone

68 2446 129 2490 nso
162 2423 300 2488 Bolseno
328 2423 480 2507 episcopo
510 2422 691 2507 baptizarit.
745 2423 830 2499 Sed,
861 2433 893 2488 et
924 2423 974 2488 alii
1006 2423 1083 2490 socii
1114 2423 1179 2488 eius

73 2536 158 2601 ritae
188 2542 334 2598 aeternae
363 2551 471 2596 nmen
500 2531 563 2596 late
583 2552 642 2618 per
660 2533 815 2617 populum
836 2533 1049 2620 divulgantes,
1080 2535 1180 2619 pluri·

1 2697 2 2731 r
71 2663 162 2708 mann
193 2641 252 2725 ipsi
285 2640 443 2704 adiutorio
474 2639 614 2704 luemnt.
658 2638 803 2724 Cumque
823 2642 886 2704 iarn
909 2643 976 2706 lteo
995 2644 1180 2728 disponente

1 2743 2 2828 Ῠ
72 2752 181 2836 ρὼια
215 2749 335 2814 adesset
355 2749 516 2835 martyrii,
551 2757 766 2833 pervenerunt
786 2767 875 2812 secus
895 2749 996 2832 ripam
1016 2750 1177 2822 fluminis.

1 2847 2 2850 ¹
72 2859 166 2946 quod
187 2857 297 2923 Borne
317 2857 452 2933 dicitnr,
474 2856 566 2944 quod
586 2864 632 2920 est
652 2856 684 2920 in
705 2853 849 2922 confinio
869 2875 979 2920 eorum
1001 2875 1175 2943 pagorum.

73 2969 135 3054 qui
166 2970 280 3032 rustica
311 2967 417 3053 lingua
446 2965 599 3030 dicuntur
626 2961 778 3052 Oeatergo
798 2974 830 3028 et
851 2965 1037 3053 Westergo.
1071 2965 1180 3053 ibique

1 3059 2 3066 ἵ
74 3076 148 3142 fixis
176 3074 317 3140 tentoriis
346 3074 455 3160 aliquo
488 3083 629 3158 tempore
649 3072 850 3160 quieverunt.
894 3072 941 3137 lbi
961 3075 1056 3160 igitur
1077 3093 1180 3162 nuper

1 3265 2 3270 ἵ
75 3205 232 3252 conamen
264 3184 386 3270 populo
418 3192 449 3248 et
471 3179 636 3266 baptisatis
666 3181 750 3246 diem
769 3182 876 3246 statuit
897 3194 929 3247 et
950 3184 1077 3262 locum,
1111 3207 1180 3272 que

75 3313 189 3360 omnes
220 3293 445 3366 convenirent,
487 3289 742 3356 confirmationis
772 3302 1006 3358 sacramentum
1037 3293 1079 3357 alr
1110 3294 1179 3380 ipso

74 3404 266 3489 percepturi.
310 3402 401 3466 Tunc
431 3400 591 3466 sociorum
624 3399 716 3464 turba
749 3401 884 3464 vallatus
905 3387 1013 3467 beatus
1034 3406 1179 3487 pontifex

75 3511 262 3579 Bonilacius
292 3509 369 3576 inde
400 3509 570 3576 contendit
600 3506 643 3571 ad
663 3508 788 3583 vicum,
823 3509 879 3591 qui
900 3508 1016 3572 dicitur
1036 3512 1181 3576 Doctrin-

75 3622 157 3706 glrae
190 3620 295 3706 (nunc
328 3618 487 3703 Doclrum)
518 3637 574 3682 eos
593 3623 840 3698 exspectaturus.
884 3615 962 3680 Cum
986 3627 1092 3682 autem
1113 3619 1179 3685 dies

71 3756 224 3778 una—u-

115 3829 162 3900 (*)
199 3829 291 3880 liena
316 3825 488 3882 Adulterium
514 3823 635 3878 scribit:
673 3822 717 3876 De
742 3821 787 3876 laia
823 3824 941 3892 aliisque
966 3826 1053 3878 sociis
1082 3825 1181 3882 Boar-

77 3937 173 3977 rann
193 3924 231 3976 cf.
250 3919 437 3972 Bacuenses
455 3920 491 3971 ad
510 3916 639 3981 Barzan,
659 3935 687 3983 p.
707 3916 750 3968 18.

111 4017 164 4090 (†)
202 4014 333 4087 Quorum
358 4016 471 4067 nomina
497 4017 687 4064 memorantur
712 4018 779 4063 aunt
796 4027 913 4063 numero
932 4011 973 4074 ai,
1003 4011 1105 4079 quibua
1124 4029 1180 4064 ux

76 4109 198 4174 additis,
229 4109 304 4160 liunt
326 4107 378 4160 xli.
417 4105 580 4174 Scriptores
606 4111 699 4156 tamen
718 4119 814 4155 omnes
831 4105 862 4154 in
881 4120 997 4155 numero
1017 4103 1038 4156 li
1057 4121 1181 4160 consen.

76 4207 166 4267 siunt,
194 4211 308 4272 praeter
335 4220 409 4266 eum,
440 4201 488 4270 qni
515 4200 545 4250 in
572 4196 726 4266 appendice
755 4197 789 4248 ad
819 4196 939 4262 Benna,
972 4200 1050 4251 Hier.
1078 4203 1179 4273 Aegl„

77 4298 197 4366 scripsit
215 4297 270 4348 liii.
307 4295 376 4350 Vid.
397 4293 510 4359 Bucar„
531 4293 551 4346 1.
571 4293 592 4344 l.
