2916 5150
287 493 349 557 118
725 484 948 550 WORPERI

287 661 330 724 sd
351 659 552 724 Wilbelmum
573 656 756 740 episcopum
776 654 1025 727 Traiectensem,
1059 663 1094 716 ut
1115 653 1305 738 praesidium
1327 655 1393 718 ler-

283 779 331 832 ret
351 778 462 833 contra
484 767 646 836 Frisones,
681 763 756 846 quia
791 763 948 828 civitatem
968 763 1050 826 ultra
1074 762 1243 827 defendere
1262 773 1394 847 poterat

283 876 421 939 minime.
465 874 556 938 Tunc
577 871 762 936 Willrelmus
783 890 901 954 magno
924 872 1051 935 vallatus
1072 870 1210 936 exercitu
1231 871 1395 936 civitatem

285 1004 325 1047 ac
346 982 460 1046 ducem
482 979 648 1045 obsidione
668 978 825 1051 liberarit,
859 979 963 1044 multis
982 978 1153 1045 interiectis
1175 979 1278 1056 Funis,
1313 1002 1396 1045 cae·

285 1092 342 1154 teri
374 1091 447 1172 luga
481 1089 588 1151 salvati
619 1097 700 1152 sunt.
744 1087 812 1150 Hoc
845 1086 943 1151 modo
978 1088 1080 1152 fectus
1111 1097 1156 1151 est
1188 1088 1253 1151 dux
1274 1089 1394 1152 auxilio

215 1245 220 1264 .
286 1197 424 1281 episcopi
444 1195 647 1261 Traiectensis
668 1194 817 1257 dominus
836 1193 1051 1260 Occidentalis
1070 1195 1194 1259 Tririae.
1235 1195 1297 1259 Sed
1318 1207 1395 1280 post

287 1293 427 1390 quatuor
458 1325 563 1368 annos
594 1303 659 1367 dux
690 1302 860 1366 Godfridus
892 1302 1043 1380 Traiecti,
1079 1302 1155 1366 dum
1176 1314 1323 1388 purgaret
1344 1305 1394 1368 al·

287 1435 378 1489 vum,
421 1436 439 1476 a
472 1431 560 1476 servo
591 1410 772 1475 Theoderici
803 1409 858 1474 filii
887 1411 1035 1475 Florentii
1065 1411 1235 1496 supradicti
1268 1413 1396 1476 comitis

288 1523 492 1605 interemptus
513 1530 567 1584 cst.

290 1976 349 2032 lte
367 1971 605 2031 'theoderico
623 1973 738 2030 butus
756 1971 921 2029 nominis
940 1970 1095 2042 qundo,
1115 1970 1207 2028 rfflo
1225 1973 1392 2031 moren-

323 2069 389 2138 tu,
417 2068 583 2137 septimo
610 2066 751 2124 comite
769 2064 1024 2122 llollandtser
1043 2065 1215 2123 naretulo
1232 2067 1357 2124 Bron-

424 2159 705 2229 nomomensis
727 2158 878 2229 potitur
896 2156 1065 2215 domnio
1082 2158 1247 2218 miso.

760 2356 847 2419 CAP.
873 2356 926 2422 Vl.

333 2570 541 2635 Theodericus
568 2571 624 2633 luit
648 2571 795 2654 septimus
815 2592 921 2636 comes
943 2575 1125 2640 Hollandiee
1146 2585 1177 2638 et
1199 2575 1395 2653 zelandiae,

291 2677 346 2741 sed
367 2677 504 2742 Frisones
526 2697 597 2741 eum
618 2677 756 2762 recipere
777 2680 960 2746 noluerunt.
1000 2682 1106 2764 Quare
1126 2704 1246 2768 magno
1257 2705 1399 2771 congre·

290 2797 366 2872 gato
396 2785 553 2850 excercitu
584 2785 815 2850 occidentalem
848 2787 975 2852 intravit
1009 2789 1157 2865 Frisiam‚
1190 2802 1221 2854 et
1251 2812 1319 2855 uno
1343 2793 1400 2857 die

289 2893 338 2958 bis
366 2912 458 2977 super
489 2890 622 2976 glaciem
654 2891 806 2956 inchoato
838 2895 959 2978 proelio
990 2917 1096 2961 comes
1126 2899 1256 2963 victoria
1277 2899 1400 2982 potitus

291 3011 356 3073 est,
389 3009 420 3062 et
450 2997 551 3059 multis
571 2997 739 3062 interiectis
759 2999 960 3078 Trisonibus,
994 3005 1084 3068 multi
1106 3008 1190 3090 capti
1211 3017 1242 3071 et
1264 3007 1400 3071 abducti

290 3115 375 3170 sunt.
420 3104 541 3170 Deinde
571 3105 645 3170 lorti
676 3127 749 3171 curn
779 3109 916 3174 exercitu
939 3110 1060 3176 obsedit
1081 3114 1237 3178 Stauriem
1257 3135 1316 3196 per
1337 3125 1401 3180 tres

290 3211 518 3296 hebdomadas.
563 3214 600 3276 Et
629 3213 714 3278 lacta
747 3226 792 3278 est
822 3237 887 3300 pax
916 3217 974 3282 sub
1007 3221 1269 3299 reconditione,
1305 3223 1399 3308 quod

247 3300 251 3307 ¹
291 3321 382 3383 salvis
411 3317 597 3405 corporibus
626 3332 657 3383 et
689 3320 782 3386 bonis
815 3325 976 3390 traderent
998 3330 1106 3392 comiti
1127 3331 1293 3396 civitatem.
1339 3333 1402 3396 ln-

291 3447 384 3511 super
413 3437 443 3491 et
471 3449 531 3513 pro
553 3426 694 3494 forfactis
707 3429 749 3515 (*)
783 3432 940 3498 solverent
971 3437 1078 3501 comiti
1098 3440 1192 3503 semel
1211 3439 1281 3521 xiii?
1302 3460 1401 3506 coro·

291 3546 370 3600 nata
411 3535 587 3612 Francius,
631 3549 662 3602 et
705 3558 844 3604 reversus
886 3551 931 3606 est
964 3565 1068 3608 comes
1100 3546 1142 3610 ad
1174 3547 1398 3624 liollandiam,

292 3644 420 3725 sumptis
448 3663 554 3708 secum
587 3644 627 3707 de
649 3644 772 3710 Stauris
795 3648 973 3727 obsidibus,
1011 3652 1117 3718 donec
1138 3655 1276 3738 pecunia
1296 3657 1401 3722 solve·

292 3758 386 3811 retur.
436 3744 519 3812 Obiit
542 3760 648 3814 autem
668 3772 775 3818 comes
795 3756 852 3820 iste
872 3778 961 3823 anno
982 3761 1108 3826 Domini
1130 3762 1265 3828 mlxxxxi
1295 3765 1400 3848 prima

329 3941 374 4010 (*)
411 3941 578 4012 Forfactum
596 3952 639 3996 est
658 3946 802 4013 quideme
822 3947 935 4005 Gallico
943 3953 1082 4026 forfar'ct3
1104 3956 1153 4010 red
1170 3956 1225 4010 hoc
1242 3959 1337 4026 ipsum
1354 3967 1401 4011 est

292 4049 308 4084 e
316 4034 530 4104 fora-factum,⁸
558 4035 635 4106 quod
662 4039 702 4091 sic
730 4040 848 4108 dicitur,
878 4046 959 4115 quari
973 4047 1055 4118 foris
1077 4052 1204 4122 fartum.
1248 4049 1398 4115 Vossnts,

292 4124 337 4174 De
362 4126 413 4176 vit.
440 4147 522 4182 serm.
551 4132 633 4198 Lot„
661 4149 690 4202 p.
716 4135 791 4202 432„
821 4138 858 4189 cl.
882 4157 912 4206 p.
930 4139 994 4204 820,
1014 4142 1200 4216 sorirsaeere,
1217 4144 1398 4218 forisacm,

284 4215 457 4286 sorefhcere,
478 4225 554 4292 quod
573 4223 666 4295 Belgis
685 4236 712 4280 re
730 4227 835 4297 buyrerr
849 4246 936 4299 gaen,
956 4234 1032 4288 idam
1049 4237 1069 4289 l.
1091 4238 1125 4304 1.,
1144 4255 1173 4306 p.
1191 4236 1254 4291 688·
