2916 5150
282 489 344 554 tna
743 483 966 549 Wortrnnr

281 656 353 719 dem
380 665 454 719 sunt
486 655 664 740 sepulturae
696 651 824 721 tradita.
865 657 960 717 Anno
982 652 1126 737 sequenti
1147 652 1180 714 in
1202 650 1254 714 die
1278 651 1388 736 {positi

280 763 423 848 martyris
454 761 567 828 iterum
600 769 830 845 congregantes
860 760 945 823 Frisii
975 758 1162 824 obsederunt
1191 759 1389 822 Alcmariarn

280 869 389 933 diebus
419 880 506 935 octo.
548 869 611 934 Sed
641 867 925 933 Kennemarienses
955 887 1065 932 omnes
1086 869 1167 931 viros
1187 866 1269 931 bello
1291 877 1390 952 aptos

280 977 452 1042 educentes
484 989 566 1041 terra
597 977 742 1061 marique
772 987 945 1052 venerunt,
979 987 1015 1041 ut
1046 975 1234 1060 praesidium
1263 975 1389 1038 ferrent

282 1087 399 1152 civitati
438 1085 590 1151 obsessae.
644 1083 765 1166 Quibus
807 1083 951 1148 adiuncti
982 1084 1209 1149 Alemarienses
1240 1085 1389 1148 exierunt

283 1193 408 1260 obviam
440 1193 540 1256 Frisiis
571 1192 613 1257 ad
632 1192 787 1276 proelium
806 1201 837 1254 et
857 1191 1026 1256 commisso
1046 1193 1216 1256 certamine
1236 1215 1295 1256 xxx
1315 1193 1388 1256 Fri·

283 1320 377 1363 sones
397 1301 603 1376 oeciderunt,
634 1300 749 1364 caeteri
779 1299 854 1385 luga
876 1299 983 1365 salvati
1005 1310 1078 1363 sunt
1101 1319 1220 1364 omnes.
1264 1300 1389 1364 Deinde

255 1419 355 1493 .post
387 1429 508 1492 paucos
537 1428 639 1473 annos
670 1427 775 1473 comes
803 1408 979 1472 Florentius
998 1425 1195 1493 congregans
1214 1410 1390 1473 exercitum

284 1538 433 1602 magnum
455 1527 485 1581 et
506 1518 619 1580 fortem
639 1516 747 1591 nimis,
770 1516 920 1600 ingressus
940 1514 1233 1579 estOccidentalem
1245 1517 1387 1593 Frisiam,

285 1634 316 1688 et
358 1623 528 1688 combussit
569 1624 720 1689 Winckel
764 1631 795 1687 et
834 1623 975 1708 Nidorp‚
1019 1624 1165 1709 ultraque
1204 1645 1389 1709 progressus

285 1732 452 1798 Tessaliam
484 1742 514 1796 et
546 1733 732 1817 Wiringen,
767 1731 905 1815 acceptis
937 1731 979 1794 ab
1010 1731 1052 1794 eis
1081 1741 1219 1816 quatuor
1250 1731 1390 1794 millibus

285 1861 465 1906 marcarum
487 1841 627 1926 argenti,
651 1840 683 1903 in
703 1859 784 1923 pace
804 1838 928 1904 dimisit.
971 1839 1036 1902 Isto
1057 1849 1198 1922 tempore
1218 1839 1390 1904 Godlridus

288 1950 342 2035 (de
373 1968 440 2033 quo
460 1967 556 2032 supra
578 1945 697 2012 dictum
719 1945 777 2031 est)
800 1946 965 2031 episcopus
985 1947 1119 2030 praefuit
1140 1947 1288 2010 ecclesiae
1308 1947 1391 2011 Tra·

285 2057 416 2124 iectensi
448 2056 543 2120 annis
562 2055 623 2121 xxii
655 2065 686 2120 et
718 2053 796 2118 obiit
817 2057 909 2119 anno
930 2055 1057 2118 Domini
1078 2056 1250 2132 mclxxiiii,
1274 2057 1392 2141 quinto

287 2164 437 2232 calendas
468 2163 564 2230 lunii.
612 2164 673 2228 Iste
705 2163 870 2248 episcopus
900 2161 1079 2227 aedificavit
1111 2174 1248 2249 quatuor
1282 2175 1391 2230 castra

285 2296 347 2360 pro
377 2273 511 2338 tuitione
544 2272 675 2336 diosmis
706 2271 926 2345 Traiectensis‚
971 2270 1115 2336 videlicet
1147 2273 1237 2335 Horst
1270 2284 1392 2338 contra

287 2383 475 2449 comitatum
496 2380 633 2454 Gelriae‚
658 2377 825 2442 Moutloert
846 2389 959 2442 contra
980 2379 1164 2443 comitatum
1186 2381 1411 2457 Hollandiae‚.

287 2489 458 2555 Follenhoe
488 2498 602 2553 contra
629 2487 806 2552 dominium
827 2497 858 2551 et
880 2487 1041 2551 incursum
1062 2487 1192 2562 Frisiae,
1216 2489 1392 2554 Woorden

288 2607 402 2662 contra
446 2596 648 2661 rebellionem
681 2595 829 2680 propriae
861 2595 1002 2660 civitatis.
1057 2595 1137 2658 Dum
1169 2594 1394 2662 aedificaretur

289 2717 423 2770 castrum
456 2705 647 2780 Follenhoe‚
680 2704 766 2767 Frisii
786 2714 971 2789 pergentes,
1007 2713 1041 2765 ut
1064 2703 1205 2767 viderent
1226 2716 1391 2783 castrum,

289 2813 435 2880 dixerunt
468 2815 526 2879 sibi
556 2825 667 2880 mutuo
697 2834 753 2878 sua
784 2813 891 2897 lingua
922 2813 993 2876 folle
1014 2812 1114 2877 haech
1128 2813 1184 2900 (³⁶).
1228 2815 1394 2899 Displicuit

288 2924 371 2988 enim
402 2923 460 2986 illis
490 2923 623 2986 altitudo
644 2932 675 2985 et
695 2920 847 2985 fortitudo
870 2922 962 2986 castri
983 2943 1048 2984 non
1069 2923 1251 3008 ignorantes
1273 2935 1393 2990 contra

288 3033 372 3114 ipsos
392 3029 605 3094 aedificatum.
647 3029 685 3092 Et
715 3028 788 3093 ideo
811 3028 858 3112 (ut
880 3029 1007 3111 dicitur)
1032 3040 1180 3096 vocatum
1200 3041 1245 3095 est
1266 3051 1391 3096 nornen

289 3139 383 3202 castri
403 3135 614 3223 Fullenhoegh
629 3135 690 3221 (†).

283 3873 444 3892 m

249 3992 251 3996 -
328 3958 374 4028 (te)
414 3954 496 4008 Satis
521 3955 620 4008 altum.
659 3954 741 4008 Folle
765 3957 806 4010 ita
832 3957 941 4014 Frisice
959 3960 1109 4017 adiectiria
1128 3961 1256 4014 additum
1273 3968 1396 4016 nonest

292 4050 413 4104 multum
432 4050 531 4122 (veel),
551 4050 599 4104 aed
612 4049 697 4121 plene
716 4051 802 4122 (sol).

329 4144 379 4214 (†)
417 4143 503 4216 Quod
537 4163 638 4200 nomen
666 4162 731 4200 mox
766 4149 793 4201 in
821 4147 988 4214 Follenlroe,
1024 4156 1121 4218 postea
1156 4149 1185 4200 in
1218 4119 1397 4204 Vollenlrove

205 4242 208 4249 '
289 4237 375 4291 abiit.
