2916 5150
479 471 726 577 cusontcott.
1094 482 1154 546 ¹23

79 716 129 774 lte
152 717 354 776 Florentio
380 719 523 790 tertie,
549 721 780 780 uenenum
800 727 941 785 comite
959 727 1132 802 declae,

19 805 21 868 l
138 807 178 866 et
194 808 424 879 quibusdem
444 811 563 881 'estis
581 813 653 875 sub
672 815 864 875 Gedtrtrlo
881 822 1066 882 nocetne

19 895 20 902 ’
167 911 171 920 “
290 903 428 960 octavo
451 906 635 978 episcopo
653 909 908 971 micelenei.

521 1145 610 1211 CAP.
632 1147 671 1214 X.

101 1381 265 1446 Florentius
296 1384 400 1448 tertius
431 1386 511 1450 filius
541 1387 724 1452 Theoderici
745 1389 847 1453 lectus
867 1400 912 1453 est
934 1389 1072 1456 decimus
1093 1417 1151 1460 co·

64 1507 117 1552 mes
145 1491 332 1556 llollandiae
364 1504 395 1556 et
427 1494 597 1558 Zelandiae
629 1516 721 1560 anno
750 1497 879 1561 Domini
911 1498 1035 1566 mclxiii.
1087 1501 1150 1567 Sed

65 1595 189 1662 lrisones
219 1620 296 1664 eum
326 1602 466 1685 recipere
502 1604 686 1670 noluerunt.
736 1605 834 1670 Auno
865 1605 992 1669 Domini
1025 1610 1151 1674 mclxiiii

19 1789 20 1792 ,
64 1713 121 1770 orto
148 1717 190 1770 est
219 1707 373 1774 dissensio
403 1710 486 1774 inter
506 1711 692 1776 Godlridum
714 1710 897 1796 episcopum
919 1712 1150 1782 Treiectensem

19 1845 20 1848 κ
64 1821 88 1874 et
114 1825 238 1898 nepotes
262 1816 389 1882 Leserdi
407 1819 555 1901 praelecti
576 1819 610 1882 in
633 1820 831 1905 Groningen.
873 1821 1048 1906 Episcopus
1067 1827 1150 1890 enirn

19 1999 20 2008 ἒ
66 1918 171 1988 dicebat
200 1946 281 2008 prae
282 1926 436 1992 lecturam
468 1926 509 1990 de
539 1927 717 2014 Groningeu
738 1950 870 2006 vacere.
904 1931 1041 2018 ideoque
1062 1935 1149 2000 omni

19 2015 20 2018 '
63 2026 116 2091 iure
134 2031 171 2094 ed
192 2034 380 2118 episcopum
401 2036 512 2098 iterum
533 2035 722 2099 devolutam.
757 2037 837 2099 Nem
859 2038 1009 2103 Lelardns
1029 2041 1149 2124 primus

19 2155 22 2234 5
64 2139 219 2219 praelectus
255 2163 321 2208 non
354 2141 464 2208 habuit
495 2143 597 2220 filios,
640 2144 694 2208 sed
726 2144 855 2208 unicam
884 2145 1001 2219 filiam,
1048 2169 1148 2232 quam

64 2244 218 2314 Godscalco
256 2249 295 2314 de
315 2249 515 2336 Seppcroche
546 2251 645 2315 nobili
666 2251 850 2335 Westphalo
871 2253 1042 2337 copulavit.
1086 2255 1148 2337 Qui

64 2361 112 2417 tres
130 2377 165 2420 ex
184 2379 221 2422 ea
247 2359 356 2444 genuit
377 2359 474 2435 filios,
501 2357 644 2426 videlicet
664 2360 888 2445 Rodclpbum‚
912 2361 1096 2428 liensonem
1116 2374 1148 2427 et

19 2487 21 2560 5
63 2459 240 2532 llerbertum.
284 2467 323 2530 Et
353 2465 383 2530 bi
415 2477 475 2531 tres
497 2479 628 2552 nepotes
650 2467 773 2532 Lelerdi
794 2480 1035 2553 occupaverunt
1055 2491 1148 2555 pree·

19 2573 23 2662 5
62 2567 193 2638 lecturam
225 2575 425 2640 reclamante
455 2576 615 2659 episcopo.
659 2576 757 2660 Igitur
789 2576 819 2638 bi
849 2586 909 2639 tres
929 2578 1055 2652 iratres,
1092 2579 1148 2644 de·

19 2667 21 2756 }
64 2693 200 2758 sperantes
232 2703 268 2746 se
299 2703 390 2767 posse
421 2682 558 2746 resistere
580 2682 748 2765 episcopo.
783 2682 1017 2765 resignaverunt
1038 2688 1147 2750 omnia

19 2781 21 2870 5
64 2782 117 2850 iura
145 2810 195 2854 sua
217 2800 254 2856 et
275 2790 417 2854 dominia
439 2790 576 2854 ilenrico
597 2789 706 2854 comiti
728 2788 887 2865 Geldrise‚
927 2809 1012 2874 quse
1033 2790 1148 2856 nihilo-

63 2893 149 2957 minus
179 2898 219 2962 ab
255 2919 293 2962 eo
323 2899 434 2962 iterum
467 2900 501 2961 in
533 2897 663 2962 feudum
684 2906 878 2980 receperunt.
921 2896 1013 2960 Tunc
1034 2896 1065 2961 hi
1089 2908 1148 2962 tres

65 3000 155 3066 lratres
184 3007 302 3071 auxilio
324 3006 446 3072 comitis
466 3006 588 3070 Gelriae
608 3006 641 3070 iu
662 3004 735 3070 l'orti
755 3004 898 3090 quadem
920 3006 996 3069 turri
1017 3006 1149 3072 civitatis

19 3091 21 3166 l
66 3105 274 3198 Groningensis
306 3113 498 3178 obsederunt
529 3113 713 3198 episcopum
734 3133 808 3177 cum
829 3113 918 3177 omni
938 3133 994 3178 sua
1014 3116 1142 3183 familie.

19 3209 20 3226 ³
66 3211 216 3305 Episcopus
237 3232 345 3286 sutem
366 3221 495 3286 consilio
517 3220 639 3284 comitis
660 3218 825 3296 clivensis,
850 3221 906 3304 qui
928 3232 993 3285 turn
1016 3221 1148 3300 aderet,

67 3321 134 3388 clam
152 3329 227 3414 sugit
249 3329 291 3392 de
313 3331 407 3404 turri,
442 3329 502 3392 suis
522 3349 582 3412 pro
604 3327 746 3392 custodia
768 3327 803 3390 in
826 3328 903 3391 turri
924 3329 1048 3395 relictis.
1090 3331 1148 3394 ln·

66 3432 139 3496 terim
167 3459 273 3502 comcs
305 3436 424 3502 Gelriae
457 3456 529 3501 cnm
563 3436 680 3499 civibus
710 3433 832 3498 sortiter
852 3443 883 3496 ct
904 3435 971 3498 sine
992 3437 1148 3502 intermis-

66 3536 136 3606 sione
155 3565 224 3610 cum
246 3544 457 3609 instrumentis
477 3542 593 3607 bellicis
614 3541 722 3605 turrim
743 3541 945 3624 impugnavit.
976 3540 1149 3626 Episcopus

67 3662 127 3711 tero
156 3655 312 3720 accedens
342 3652 529 3716 Florentium
562 3649 708 3714 comitem
730 3645 916 3712 Hollendiee
936 3649 1078 3733 rogarit,
1113 3662 1149 3714 ut

67 3759 238 3833 praesidium
259 3761 316 3826 sibi
335 3763 428 3827 ferret
448 3769 564 3825 contre
586 3759 734 3824 comitem
756 3755 886 3822 Gelriae.
930 3756 1021 3821 Tunc
1043 3779 1149 3824 comes

67 3857 220 3934 Florentius
250 3880 366 3936 coacto
396 3869 535 3933 exercitu
564 3886 679 3951 magno
711 3873 742 3928 et
774 3865 848 3928 forti
869 3865 952 3930 venit
974 3886 1047 3929 cum
1067 3870 1149 3948 epis·

68 3985 140 4053 copo
159 3978 199 4042 ad
220 3978 427 4064 Groningen,
462 3972 583 4039 obsedit
605 3973 782 4046 civitatem,
814 3972 957 4056 quotidie
976 3972 1061 4034 illam
1082 3972 1148 4036 lor-

69 4073 128 4142 titer
146 4103 344 4172 oppugnans.
388 4083 499 4148 Comes
520 4092 624 4145 eutem
646 4080 767 4144 Gelriae
787 4089 818 4142 et
840 4079 987 4143 dominus
1008 4077 1148 4145 Theode·

68 4182 139 4252 ricus
167 4192 207 4260 de
228 4192 431 4260 batenborcb
451 4211 524 4267 cum
546 4189 651 4256 electis
671 4186 818 4253 militibus
838 4197 868 4252 et
891 4186 1008 4254 civibus
1027 4188 1149 4256 fortiter
