<?xml version="1.0" encoding="UTF-8"?>
<!DOCTYPE html PUBLIC "-//W3C//DTD XHTML 1.0 Transitional//EN"
    "http://www.w3.org/TR/xhtml1/DTD/xhtml1-transitional.dtd">
<html xmlns="http://www.w3.org/1999/xhtml" xml:lang="en" lang="en">
 <head>
  <title>
</title>
<meta http-equiv="Content-Type" content="text/html;charset=utf-8" />
  <meta name='ocr-system' content='tesseract 3.04.00' />
  <meta name='ocr-capabilities' content='ocr_page ocr_carea ocr_par ocr_line ocrx_word'/>
</head>
<body>
  <div class='ocr_page' id='page_1' title='image "./worperityaerdae00worpgoog_0160.png"; bbox 0 0 2916 5150; ppageno 0'>
   <div class='ocr_carea' id='block_1_1' title="bbox 275 457 928 532">
    <p class='ocr_par' dir='ltr' id='par_1_1' title="bbox 275 457 928 532">
     <span class='ocr_line' id='line_1_1' title="bbox 275 457 928 532; baseline -0.017 -1"><span class='ocrx_word' id='word_1_1' title='bbox 275 466 338 532; x_wconf 83' lang='lat' dir='ltr'>lto</span> <span class='ocrx_word' id='word_1_2' title='bbox 704 457 928 524; x_wconf 66' lang='lat' dir='ltr'>Wolters!</span> 
     </span>
    </p>
   </div>
   <div class='ocr_carea' id='block_1_2' title="bbox 269 585 1385 824">
    <p class='ocr_par' dir='ltr' id='par_1_2' title="bbox 269 585 1385 824">
     <span class='ocr_line' id='line_1_2' title="bbox 269 585 1385 708; baseline -0.009 -12"><span class='ocrx_word' id='word_1_3' title='bbox 269 585 400 696; x_wconf 85' lang='lat' dir='ltr'>ostensis</span> <span class='ocrx_word' id='word_1_4' title='bbox 431 630 529 704; x_wconf 87' lang='lat' dir='ltr'>moti,</span> <span class='ocrx_word' id='word_1_5' title='bbox 564 627 654 692; x_wconf 86' lang='lat' dir='ltr'>multi</span> <span class='ocrx_word' id='word_1_6' title='bbox 687 624 771 692; x_wconf 76' lang='lat' dir='ltr'>lirisii</span> <span class='ocrx_word' id='word_1_7' title='bbox 804 623 927 690; x_wconf 86' lang='lat' dir='ltr'>nobiles</span> <span class='ocrx_word' id='word_1_8' title='bbox 948 632 979 690; x_wconf 90' lang='lat' dir='ltr'>et</span> <span class='ocrx_word' id='word_1_9' title='bbox 998 619 1153 708; x_wconf 71' lang='lat' dir='ltr'><strong>ignobiles</strong></span> <span class='ocrx_word' id='word_1_10' title='bbox 1173 642 1303 688; x_wconf 82' lang='lat' dir='ltr'>crucem</span> <span class='ocrx_word' id='word_1_11' title='bbox 1329 641 1385 687; x_wconf 79' lang='lat' dir='ltr'>as·</span> 
     </span>
     <span class='ocr_line' id='line_1_3' title="bbox 269 745 478 824; baseline -0.005 -21"><span class='ocrx_word' id='word_1_12' title='bbox 269 745 478 824; x_wconf 82' lang='lat' dir='ltr'>sumpserunt.</span> 
     </span>
    </p>
   </div>
   <div class='ocr_carea' id='block_1_3' title="bbox 285 1185 1364 1353">
    <p class='ocr_par' dir='ltr' id='par_1_3' title="bbox 285 1185 1364 1353">
     <span class='ocr_line' id='line_1_4' title="bbox 285 1185 1364 1260; baseline -0.006 -10"><span class='ocrx_word' id='word_1_13' title='bbox 285 1193 345 1250; x_wconf 72' lang='lat' dir='ltr'>De</span> <span class='ocrx_word' id='word_1_14' title='bbox 363 1187 652 1260; x_wconf 62' lang='lat' dir='ltr'>oppugnatione</span> <span class='ocrx_word' id='word_1_15' title='bbox 670 1187 793 1246; x_wconf 78' lang='lat' dir='ltr'>turris</span> <span class='ocrx_word' id='word_1_16' title='bbox 811 1189 853 1245; x_wconf 85' lang='lat' dir='ltr'>et</span> <span class='ocrx_word' id='word_1_17' title='bbox 869 1187 1046 1246; x_wconf 75' lang='lat' dir='ltr'>ctvttstts</span> <span class='ocrx_word' id='word_1_18' title='bbox 1062 1186 1290 1255; x_wconf 65' lang='lat' dir='ltr'>nomme,</span> <span class='ocrx_word' id='word_1_19' title='bbox 1317 1185 1364 1244; x_wconf 83' lang='lat' dir='ltr'>tn</span> 
     </span>
     <span class='ocr_line' id='line_1_5' title="bbox 517 1282 1135 1353; baseline -0.005 -13"><span class='ocrx_word' id='word_1_20' title='bbox 517 1295 595 1353; x_wconf 74' lang='lat' dir='ltr'>qus</span> <span class='ocrx_word' id='word_1_21' title='bbox 611 1283 738 1340; x_wconf 79' lang='lat' dir='ltr'>uirtus</span> <span class='ocrx_word' id='word_1_22' title='bbox 754 1283 959 1340; x_wconf 70' lang='lat' dir='ltr'>monn·</span> <span class='ocrx_word' id='word_1_23' title='bbox 977 1282 1135 1342; x_wconf 76' lang='lat' dir='ltr'>enituit.</span> 
     </span>
    </p>
   </div>
   <div class='ocr_carea' id='block_1_4' title="bbox 735 1482 914 1548">
    <p class='ocr_par' dir='ltr' id='par_1_4' title="bbox 735 1482 914 1548">
     <span class='ocr_line' id='line_1_6' title="bbox 735 1482 914 1548; baseline 0 0"><span class='ocrx_word' id='word_1_24' title='bbox 735 1482 826 1548; x_wconf 82' lang='lat' dir='ltr'><strong>CAP.</strong></span> <span class='ocrx_word' id='word_1_25' title='bbox 848 1483 914 1548; x_wconf 83' lang='lat' dir='ltr'>XX.</span> 
     </span>
    </p>
   </div>
   <div class='ocr_carea' id='block_1_5' title="bbox 272 1694 1384 2432">
    <p class='ocr_par' dir='ltr' id='par_1_5' title="bbox 272 1694 1384 2432">
     <span class='ocr_line' id='line_1_7' title="bbox 314 1694 1384 1781; baseline -0.002 -17"><span class='ocrx_word' id='word_1_26' title='bbox 314 1703 414 1764; x_wconf 81' lang='lat' dir='ltr'>Anno</span> <span class='ocrx_word' id='word_1_27' title='bbox 446 1697 570 1764; x_wconf 86' lang='lat' dir='ltr'>Domini</span> <span class='ocrx_word' id='word_1_28' title='bbox 601 1696 747 1763; x_wconf 83' lang='lat' dir='ltr'>mccxriii</span> <span class='ocrx_word' id='word_1_29' title='bbox 768 1715 930 1781; x_wconf 80' lang='lat' dir='ltr'>coggones</span> <span class='ocrx_word' id='word_1_30' title='bbox 950 1715 1030 1780; x_wconf 87' lang='lat' dir='ltr'>quas</span> <span class='ocrx_word' id='word_1_31' title='bbox 1050 1694 1189 1759; x_wconf 78' lang='lat' dir='ltr'>lirisones</span> <span class='ocrx_word' id='word_1_32' title='bbox 1208 1704 1239 1759; x_wconf 88' lang='lat' dir='ltr'>et</span> <span class='ocrx_word' id='word_1_33' title='bbox 1260 1695 1384 1762; x_wconf 81' lang='lat' dir='ltr'>Teuto-</span> 
     </span>
     <span class='ocr_line' id='line_1_8' title="bbox 273 1803 1381 1891; baseline -0.005 -18"><span class='ocrx_word' id='word_1_34' title='bbox 273 1828 331 1874; x_wconf 89' lang='lat' dir='ltr'>nes</span> <span class='ocrx_word' id='word_1_35' title='bbox 360 1806 546 1891; x_wconf 81' lang='lat' dir='ltr'>provincias</span> <span class='ocrx_word' id='word_1_36' title='bbox 576 1804 772 1869; x_wconf 76' lang='lat' dir='ltr'>coloniensis</span> <span class='ocrx_word' id='word_1_37' title='bbox 804 1803 1024 1880; x_wconf 83' lang='lat' dir='ltr'>adduxerant.</span> <span class='ocrx_word' id='word_1_38' title='bbox 1058 1803 1101 1867; x_wconf 90' lang='lat' dir='ltr'>ad</span> <span class='ocrx_word' id='word_1_39' title='bbox 1122 1815 1250 1889; x_wconf 81' lang='lat' dir='ltr'>portum</span> <span class='ocrx_word' id='word_1_40' title='bbox 1272 1809 1381 1870; x_wconf 81' lang='lat' dir='ltr'>Acco·</span> 
     </span>
     <span class='ocr_line' id='line_1_9' title="bbox 272 1911 1383 1999; baseline -0.005 -18"><span class='ocrx_word' id='word_1_41' title='bbox 272 1911 408 1981; x_wconf 88' lang='lat' dir='ltr'>nitarum</span> <span class='ocrx_word' id='word_1_42' title='bbox 429 1914 650 1999; x_wconf 79' lang='lat' dir='ltr'>applicuerunt</span> <span class='ocrx_word' id='word_1_43' title='bbox 670 1913 705 1976; x_wconf 91' lang='lat' dir='ltr'>in</span> <span class='ocrx_word' id='word_1_44' title='bbox 726 1932 835 1976; x_wconf 88' lang='lat' dir='ltr'>mense</span> <span class='ocrx_word' id='word_1_45' title='bbox 856 1913 951 1977; x_wconf 81' lang='lat' dir='ltr'>Maio.</span> <span class='ocrx_word' id='word_1_46' title='bbox 993 1913 1115 1978; x_wconf 79' lang='lat' dir='ltr'>Deinde</span> <span class='ocrx_word' id='word_1_47' title='bbox 1133 1913 1218 1978; x_wconf 85' lang='lat' dir='ltr'>infra</span> <span class='ocrx_word' id='word_1_48' title='bbox 1239 1913 1383 1976; x_wconf 90' lang='lat' dir='ltr'>triduum</span> 
     </span>
     <span class='ocr_line' id='line_1_10' title="bbox 272 2020 1384 2108; baseline -0.005 -18"><span class='ocrx_word' id='word_1_49' title='bbox 272 2024 376 2090; x_wconf 83' lang='lat' dir='ltr'>elassis</span> <span class='ocrx_word' id='word_1_50' title='bbox 403 2023 471 2107; x_wconf 88' lang='lat' dir='ltr'>ipsa</span> <span class='ocrx_word' id='word_1_51' title='bbox 503 2021 680 2086; x_wconf 87' lang='lat' dir='ltr'>Damiatam</span> <span class='ocrx_word' id='word_1_52' title='bbox 710 2021 884 2106; x_wconf 74' lang='lat' dir='ltr'>applicuit,</span> <span class='ocrx_word' id='word_1_53' title='bbox 918 2031 950 2086; x_wconf 86' lang='lat' dir='ltr'>at</span> <span class='ocrx_word' id='word_1_54' title='bbox 981 2020 1102 2108; x_wconf 87' lang='lat' dir='ltr'>absque</span> <span class='ocrx_word' id='word_1_55' title='bbox 1134 2022 1299 2107; x_wconf 78' lang='lat' dir='ltr'>sanguinis</span> <span class='ocrx_word' id='word_1_56' title='bbox 1322 2022 1384 2085; x_wconf 87' lang='lat' dir='ltr'>im·</span> 
     </span>
     <span class='ocr_line' id='line_1_11' title="bbox 272 2129 1383 2217; baseline -0.004 -21"><span class='ocrx_word' id='word_1_57' title='bbox 272 2151 372 2217; x_wconf 88' lang='lat' dir='ltr'>pensa</span> <span class='ocrx_word' id='word_1_58' title='bbox 403 2139 517 2194; x_wconf 85' lang='lat' dir='ltr'>terram</span> <span class='ocrx_word' id='word_1_59' title='bbox 549 2129 690 2195; x_wconf 76' lang='lat' dir='ltr'>hostilem</span> <span class='ocrx_word' id='word_1_60' title='bbox 722 2130 902 2214; x_wconf 88' lang='lat' dir='ltr'>occuparit.</span> <span class='ocrx_word' id='word_1_61' title='bbox 945 2129 1089 2216; x_wconf 86' lang='lat' dir='ltr'>Cumque</span> <span class='ocrx_word' id='word_1_62' title='bbox 1109 2131 1204 2215; x_wconf 87' lang='lat' dir='ltr'>pauci</span> <span class='ocrx_word' id='word_1_63' title='bbox 1224 2129 1383 2195; x_wconf 76' lang='lat' dir='ltr'>Saraceni</span> 
     </span>
     <span class='ocr_line' id='line_1_12' title="bbox 272 2235 1383 2324; baseline -0.003 -20"><span class='ocrx_word' id='word_1_64' title='bbox 272 2240 393 2324; x_wconf 77' lang='lat' dir='ltr'>equites</span> <span class='ocrx_word' id='word_1_65' title='bbox 414 2246 619 2302; x_wconf 85' lang='lat' dir='ltr'>occurrerent</span> <span class='ocrx_word' id='word_1_66' title='bbox 641 2235 683 2300; x_wconf 92' lang='lat' dir='ltr'>ad</span> <span class='ocrx_word' id='word_1_67' title='bbox 703 2246 847 2318; x_wconf 84' lang='lat' dir='ltr'>portum,</span> <span class='ocrx_word' id='word_1_68' title='bbox 862 2237 947 2303; x_wconf 78' lang='lat' dir='ltr'>Friso</span> <span class='ocrx_word' id='word_1_69' title='bbox 967 2238 1099 2323; x_wconf 85' lang='lat' dir='ltr'>quidem</span> <span class='ocrx_word' id='word_1_70' title='bbox 1119 2239 1185 2303; x_wconf 82' lang='lat' dir='ltr'>fixo</span> <span class='ocrx_word' id='word_1_71' title='bbox 1205 2239 1241 2300; x_wconf 92' lang='lat' dir='ltr'>in</span> <span class='ocrx_word' id='word_1_72' title='bbox 1262 2248 1383 2303; x_wconf 86' lang='lat' dir='ltr'>terram</span> 
     </span>
     <span class='ocr_line' id='line_1_13' title="bbox 273 2343 1383 2432; baseline -0.002 -20"><span class='ocrx_word' id='word_1_73' title='bbox 273 2369 355 2432; x_wconf 79' lang='lat' dir='ltr'>genu</span> <span class='ocrx_word' id='word_1_74' title='bbox 386 2346 498 2410; x_wconf 85' lang='lat' dir='ltr'>dextro</span> <span class='ocrx_word' id='word_1_75' title='bbox 530 2354 561 2408; x_wconf 87' lang='lat' dir='ltr'>at</span> <span class='ocrx_word' id='word_1_76' title='bbox 592 2343 716 2406; x_wconf 88' lang='lat' dir='ltr'>sinistra</span> <span class='ocrx_word' id='word_1_77' title='bbox 739 2363 839 2406; x_wconf 89' lang='lat' dir='ltr'>manu</span> <span class='ocrx_word' id='word_1_78' title='bbox 861 2345 1088 2410; x_wconf 85' lang='lat' dir='ltr'>circumferens</span> <span class='ocrx_word' id='word_1_79' title='bbox 1109 2347 1232 2422; x_wconf 86' lang='lat' dir='ltr'>ancile,</span> <span class='ocrx_word' id='word_1_80' title='bbox 1267 2347 1383 2411; x_wconf 84' lang='lat' dir='ltr'>dextra</span> 
     </span>
    </p>
   </div>
   <div class='ocr_carea' id='block_1_6' title="bbox 148 2449 1382 2538">
    <p class='ocr_par' dir='ltr' id='par_1_6' title="bbox 148 2449 1382 2538">
     <span class='ocr_line' id='line_1_14' title="bbox 148 2449 1382 2538; baseline 0.002 -22"><span class='ocrx_word' id='word_1_81' title='bbox 148 2452 153 2462; x_wconf 81' lang='grc'><strong>’</strong></span> <span class='ocrx_word' id='word_1_82' title='bbox 272 2453 428 2538; x_wconf 87' lang='lat' dir='ltr'>spiculum</span> <span class='ocrx_word' id='word_1_83' title='bbox 468 2449 610 2514; x_wconf 84' lang='lat' dir='ltr'>vibrabat</span> <span class='ocrx_word' id='word_1_84' title='bbox 652 2451 797 2515; x_wconf 77' lang='lat' dir='ltr'>ferreum.</span> <span class='ocrx_word' id='word_1_85' title='bbox 853 2452 990 2516; x_wconf 87' lang='lat' dir='ltr'>Intuitus</span> <span class='ocrx_word' id='word_1_86' title='bbox 1030 2472 1103 2518; x_wconf 89' lang='lat' dir='ltr'>eum</span> <span class='ocrx_word' id='word_1_87' title='bbox 1135 2455 1320 2519; x_wconf 82' lang='lat' dir='ltr'>Saracenos</span> <span class='ocrx_word' id='word_1_88' title='bbox 1351 2463 1382 2518; x_wconf 90' lang='lat' dir='ltr'>ct</span> 
     </span>
    </p>
   </div>
   <div class='ocr_carea' id='block_1_7' title="bbox 271 2557 1383 4036">
    <p class='ocr_par' dir='ltr' id='par_1_7' title="bbox 271 2557 1383 4036">
     <span class='ocr_line' id='line_1_15' title="bbox 274 2557 1383 2646; baseline 0.001 -22"><span class='ocrx_word' id='word_1_89' title='bbox 274 2559 385 2624; x_wconf 85' lang='lat' dir='ltr'>tudere</span> <span class='ocrx_word' id='word_1_90' title='bbox 413 2558 605 2634; x_wconf 84' lang='lat' dir='ltr'>existimans,</span> <span class='ocrx_word' id='word_1_91' title='bbox 639 2557 742 2622; x_wconf 89' lang='lat' dir='ltr'>subito</span> <span class='ocrx_word' id='word_1_92' title='bbox 774 2577 870 2644; x_wconf 82' lang='lat' dir='ltr'>eques</span> <span class='ocrx_word' id='word_1_93' title='bbox 902 2581 975 2624; x_wconf 92' lang='lat' dir='ltr'>cum</span> <span class='ocrx_word' id='word_1_94' title='bbox 1007 2583 1095 2646; x_wconf 90' lang='lat' dir='ltr'>equo</span> <span class='ocrx_word' id='word_1_95' title='bbox 1117 2585 1136 2627; x_wconf 90' lang='lat' dir='ltr'>a</span> <span class='ocrx_word' id='word_1_96' title='bbox 1157 2563 1286 2627; x_wconf 74' lang='lat' dir='ltr'>lirisone</span> <span class='ocrx_word' id='word_1_97' title='bbox 1310 2583 1383 2646; x_wconf 87' lang='lat' dir='ltr'>per·</span> 
     </span>
     <span class='ocr_line' id='line_1_16' title="bbox 274 2667 1382 2755; baseline -0.004 -19"><span class='ocrx_word' id='word_1_98' title='bbox 274 2689 380 2736; x_wconf 85' lang='lat' dir='ltr'>cussus</span> <span class='ocrx_word' id='word_1_99' title='bbox 409 2667 529 2733; x_wconf 87' lang='lat' dir='ltr'>corruit</span> <span class='ocrx_word' id='word_1_100' title='bbox 559 2667 601 2732; x_wconf 91' lang='lat' dir='ltr'>ad</span> <span class='ocrx_word' id='word_1_101' title='bbox 623 2677 758 2743; x_wconf 80' lang='lat' dir='ltr'>terram,</span> <span class='ocrx_word' id='word_1_102' title='bbox 793 2667 859 2732; x_wconf 85' lang='lat' dir='ltr'>aliis</span> <span class='ocrx_word' id='word_1_103' title='bbox 879 2667 1076 2755; x_wconf 81' lang='lat' dir='ltr'>fugientibus.</span> <span class='ocrx_word' id='word_1_104' title='bbox 1118 2671 1283 2734; x_wconf 83' lang='lat' dir='ltr'>Exstructa</span> <span class='ocrx_word' id='word_1_105' title='bbox 1305 2677 1382 2733; x_wconf 87' lang='lat' dir='ltr'>sunt</span> 
     </span>
     <span class='ocr_line' id='line_1_17' title="bbox 274 2773 1380 2864; baseline 0 -22"><span class='ocrx_word' id='word_1_106' title='bbox 274 2776 390 2842; x_wconf 87' lang='lat' dir='ltr'>deinde</span> <span class='ocrx_word' id='word_1_107' title='bbox 421 2777 628 2839; x_wconf 88' lang='lat' dir='ltr'>instrumenta</span> <span class='ocrx_word' id='word_1_108' title='bbox 658 2773 770 2839; x_wconf 86' lang='lat' dir='ltr'>bellica</span> <span class='ocrx_word' id='word_1_109' title='bbox 802 2784 915 2840; x_wconf 91' lang='lat' dir='ltr'>contra</span> <span class='ocrx_word' id='word_1_110' title='bbox 948 2777 1059 2840; x_wconf 89' lang='lat' dir='ltr'>turrim</span> <span class='ocrx_word' id='word_1_111' title='bbox 1080 2778 1259 2851; x_wconf 74' lang='lat' dir='ltr'>liminius,</span> <span class='ocrx_word' id='word_1_112' title='bbox 1293 2797 1380 2864; x_wconf 88' lang='lat' dir='ltr'>quae</span> 
     </span>
     <span class='ocr_line' id='line_1_18' title="bbox 274 2883 1381 2971; baseline 0 -21"><span class='ocrx_word' id='word_1_113' title='bbox 274 2893 370 2971; x_wconf 87' lang='lat' dir='ltr'>caput</span> <span class='ocrx_word' id='word_1_114' title='bbox 391 2905 491 2947; x_wconf 90' lang='lat' dir='ltr'>unum</span> <span class='ocrx_word' id='word_1_115' title='bbox 511 2883 630 2946; x_wconf 78' lang='lat' dir='ltr'>ferreae</span> <span class='ocrx_word' id='word_1_116' title='bbox 650 2891 787 2947; x_wconf 83' lang='lat' dir='ltr'>catenae</span> <span class='ocrx_word' id='word_1_117' title='bbox 806 2883 1013 2964; x_wconf 60' lang='lat' dir='ltr'>continebam</span> <span class='ocrx_word' id='word_1_118' title='bbox 1048 2886 1204 2971; x_wconf 86' lang='lat' dir='ltr'>reliquum</span> <span class='ocrx_word' id='word_1_119' title='bbox 1218 2886 1263 2971; x_wconf 74' lang='lat'>(¹⁸)</span> <span class='ocrx_word' id='word_1_120' title='bbox 1285 2887 1381 2950; x_wconf 86' lang='lat' dir='ltr'>turris</span> 
     </span>
     <span class='ocr_line' id='line_1_19' title="bbox 273 2989 1381 3069; baseline 0.004 -15"><span class='ocrx_word' id='word_1_121' title='bbox 273 3013 341 3056; x_wconf 86' lang='lat' dir='ltr'>una</span> <span class='ocrx_word' id='word_1_122' title='bbox 372 2990 522 3066; x_wconf 83' lang='lat' dir='ltr'>civitatis,</span> <span class='ocrx_word' id='word_1_123' title='bbox 557 2989 599 3053; x_wconf 90' lang='lat' dir='ltr'>ad</span> <span class='ocrx_word' id='word_1_124' title='bbox 621 2989 836 3054; x_wconf 79' lang='lat' dir='ltr'>claudendum</span> <span class='ocrx_word' id='word_1_125' title='bbox 855 2991 1005 3069; x_wconf 84' lang='lat' dir='ltr'>flurium,</span> <span class='ocrx_word' id='word_1_126' title='bbox 1040 3014 1084 3057; x_wconf 89' lang='lat' dir='ltr'>ne</span> <span class='ocrx_word' id='word_1_127' title='bbox 1105 3014 1204 3058; x_wconf 81' lang='lat' dir='ltr'>neves</span> <span class='ocrx_word' id='word_1_128' title='bbox 1224 2995 1381 3060; x_wconf 69' lang='lat' dir='ltr'>mende-</span> 
     </span>
     <span class='ocr_line' id='line_1_20' title="bbox 274 3095 1379 3186; baseline 0.004 -24"><span class='ocrx_word' id='word_1_129' title='bbox 274 3107 346 3162; x_wconf 89' lang='lat' dir='ltr'>rent</span> <span class='ocrx_word' id='word_1_130' title='bbox 367 3095 628 3162; x_wconf 85' lang='lat' dir='ltr'>Christianorum.</span> <span class='ocrx_word' id='word_1_131' title='bbox 669 3096 733 3161; x_wconf 86' lang='lat' dir='ltr'>Sed</span> <span class='ocrx_word' id='word_1_132' title='bbox 754 3098 993 3165; x_wconf 77' lang='lat' dir='ltr'>considerantes</span> <span class='ocrx_word' id='word_1_133' title='bbox 1014 3099 1182 3166; x_wconf 76' lang='lat' dir='ltr'>Christiani</span> <span class='ocrx_word' id='word_1_134' title='bbox 1201 3102 1293 3186; x_wconf 84' lang='lat' dir='ltr'>quod</span> <span class='ocrx_word' id='word_1_135' title='bbox 1314 3102 1379 3166; x_wconf 87' lang='lat' dir='ltr'>ior·</span> 
     </span>
     <span class='ocr_line' id='line_1_21' title="bbox 273 3203 1381 3292; baseline 0.005 -23"><span class='ocrx_word' id='word_1_136' title='bbox 273 3204 378 3270; x_wconf 91' lang='lat' dir='ltr'>titudo</span> <span class='ocrx_word' id='word_1_137' title='bbox 418 3203 529 3280; x_wconf 80' lang='lat' dir='ltr'>turris,</span> <span class='ocrx_word' id='word_1_138' title='bbox 573 3225 635 3268; x_wconf 92' lang='lat' dir='ltr'>nec</span> <span class='ocrx_word' id='word_1_139' title='bbox 664 3203 839 3281; x_wconf 82' lang='lat' dir='ltr'>machinis,</span> <span class='ocrx_word' id='word_1_140' title='bbox 881 3227 943 3272; x_wconf 90' lang='lat' dir='ltr'>nec</span> <span class='ocrx_word' id='word_1_141' title='bbox 975 3208 1135 3292; x_wconf 80' lang='lat' dir='ltr'>quibusvis</span> <span class='ocrx_word' id='word_1_142' title='bbox 1162 3209 1381 3274; x_wconf 74' lang='lat' dir='ltr'>instrumentis</span> 
     </span>
     <span class='ocr_line' id='line_1_22' title="bbox 272 3311 1376 3398; baseline 0.004 -20"><span class='ocrx_word' id='word_1_143' title='bbox 272 3312 409 3388; x_wconf 86' lang='lat' dir='ltr'>bellicis,</span> <span class='ocrx_word' id='word_1_144' title='bbox 443 3331 505 3377; x_wconf 90' lang='lat' dir='ltr'>nec</span> <span class='ocrx_word' id='word_1_145' title='bbox 534 3311 619 3378; x_wconf 85' lang='lat' dir='ltr'>ieme</span> <span class='ocrx_word' id='word_1_146' title='bbox 637 3323 767 3398; x_wconf 87' lang='lat' dir='ltr'>propter</span> <span class='ocrx_word' id='word_1_147' title='bbox 787 3314 978 3380; x_wconf 83' lang='lat' dir='ltr'>vicinitatem</span> <span class='ocrx_word' id='word_1_148' title='bbox 998 3315 1150 3394; x_wconf 77' lang='lat' dir='ltr'>civitatis,</span> <span class='ocrx_word' id='word_1_149' title='bbox 1186 3339 1248 3384; x_wconf 92' lang='lat' dir='ltr'>nec</span> <span class='ocrx_word' id='word_1_150' title='bbox 1267 3318 1376 3382; x_wconf 84' lang='lat' dir='ltr'>suffos-</span> 
     </span>
     <span class='ocr_line' id='line_1_23' title="bbox 273 3420 1377 3511; baseline 0.004 -25"><span class='ocrx_word' id='word_1_151' title='bbox 273 3423 360 3488; x_wconf 88' lang='lat' dir='ltr'>sione</span> <span class='ocrx_word' id='word_1_152' title='bbox 391 3430 522 3506; x_wconf 82' lang='lat' dir='ltr'>propter</span> <span class='ocrx_word' id='word_1_153' title='bbox 543 3421 646 3506; x_wconf 87' lang='lat' dir='ltr'>operis</span> <span class='ocrx_word' id='word_1_154' title='bbox 666 3420 891 3507; x_wconf 86' lang='lat' dir='ltr'>spissitudinem</span> <span class='ocrx_word' id='word_1_155' title='bbox 912 3433 943 3486; x_wconf 88' lang='lat' dir='ltr'>et</span> <span class='ocrx_word' id='word_1_156' title='bbox 964 3426 1142 3510; x_wconf 80' lang='lat' dir='ltr'>angustiam</span> <span class='ocrx_word' id='word_1_157' title='bbox 1162 3426 1285 3491; x_wconf 86' lang='lat' dir='ltr'>insulae</span> <span class='ocrx_word' id='word_1_158' title='bbox 1305 3424 1377 3511; x_wconf 84' lang='lat' dir='ltr'>cepi</span> 
     </span>
     <span class='ocr_line' id='line_1_24' title="bbox 272 3529 1377 3612; baseline 0.003 -19"><span class='ocrx_word' id='word_1_159' title='bbox 272 3530 365 3596; x_wconf 79' lang='lat' dir='ltr'>facile</span> <span class='ocrx_word' id='word_1_160' title='bbox 392 3549 461 3595; x_wconf 89' lang='lat' dir='ltr'>non</span> <span class='ocrx_word' id='word_1_161' title='bbox 494 3538 619 3612; x_wconf 88' lang='lat' dir='ltr'>posset,</span> <span class='ocrx_word' id='word_1_162' title='bbox 652 3529 719 3594; x_wconf 83' lang='lat' dir='ltr'>Deo</span> <span class='ocrx_word' id='word_1_163' title='bbox 740 3529 977 3597; x_wconf 77' lang='lat' dir='ltr'>demonstrante</span> <span class='ocrx_word' id='word_1_164' title='bbox 997 3533 1139 3598; x_wconf 74' lang='lat' dir='ltr'>lirisones</span> <span class='ocrx_word' id='word_1_165' title='bbox 1158 3543 1191 3600; x_wconf 87' lang='lat' dir='ltr'>et</span> <span class='ocrx_word' id='word_1_166' title='bbox 1211 3534 1377 3599; x_wconf 80' lang='lat' dir='ltr'>Teutonici</span> 
     </span>
     <span class='ocr_line' id='line_1_25' title="bbox 274 3637 1378 3720; baseline 0.005 -20"><span class='ocrx_word' id='word_1_167' title='bbox 274 3637 354 3701; x_wconf 89' lang='lat' dir='ltr'>duas</span> <span class='ocrx_word' id='word_1_168' title='bbox 386 3656 544 3720; x_wconf 82' lang='lat' dir='ltr'>coggonas</span> <span class='ocrx_word' id='word_1_169' title='bbox 575 3637 740 3720; x_wconf 82' lang='lat' dir='ltr'>compingi</span> <span class='ocrx_word' id='word_1_170' title='bbox 770 3648 802 3704; x_wconf 87' lang='lat' dir='ltr'>et</span> <span class='ocrx_word' id='word_1_171' title='bbox 822 3639 923 3703; x_wconf 85' lang='lat' dir='ltr'>instar</span> <span class='ocrx_word' id='word_1_172' title='bbox 942 3641 1036 3704; x_wconf 83' lang='lat' dir='ltr'>castri</span> <span class='ocrx_word' id='word_1_173' title='bbox 1056 3641 1211 3706; x_wconf 87' lang='lat' dir='ltr'>fortissimi</span> <span class='ocrx_word' id='word_1_174' title='bbox 1233 3663 1378 3708; x_wconf 90' lang='lat' dir='ltr'>commu·</span> 
     </span>
     <span class='ocr_line' id='line_1_26' title="bbox 272 3742 1378 3829; baseline 0.005 -22"><span class='ocrx_word' id='word_1_175' title='bbox 272 3743 335 3807; x_wconf 90' lang='lat' dir='ltr'>niri</span> <span class='ocrx_word' id='word_1_176' title='bbox 365 3742 520 3807; x_wconf 85' lang='lat' dir='ltr'>iecerunt.</span> <span class='ocrx_word' id='word_1_177' title='bbox 574 3742 614 3806; x_wconf 86' lang='lat' dir='ltr'>In</span> <span class='ocrx_word' id='word_1_178' title='bbox 647 3744 826 3808; x_wconf 84' lang='lat' dir='ltr'>summitate</span> <span class='ocrx_word' id='word_1_179' title='bbox 853 3755 994 3829; x_wconf 83' lang='lat' dir='ltr'>quatuor</span> <span class='ocrx_word' id='word_1_180' title='bbox 1026 3747 1184 3814; x_wconf 90' lang='lat' dir='ltr'>malorum</span> <span class='ocrx_word' id='word_1_181' title='bbox 1216 3749 1378 3814; x_wconf 82' lang='lat' dir='ltr'>castellum</span> 
     </span>
     <span class='ocr_line' id='line_1_27' title="bbox 271 3846 1377 3942; baseline 0.005 -27"><span class='ocrx_word' id='word_1_182' title='bbox 271 3859 455 3924; x_wconf 81' lang='lat' dir='ltr'>erexerunt.</span> <span class='ocrx_word' id='word_1_183' title='bbox 490 3846 603 3912; x_wconf 87' lang='lat' dir='ltr'>tabuiis</span> <span class='ocrx_word' id='word_1_184' title='bbox 621 3849 656 3912; x_wconf 90' lang='lat' dir='ltr'>in</span> <span class='ocrx_word' id='word_1_185' title='bbox 678 3850 842 3935; x_wconf 89' lang='lat' dir='ltr'>quadrum</span> <span class='ocrx_word' id='word_1_186' title='bbox 863 3855 1058 3940; x_wconf 81' lang='lat' dir='ltr'>compactis,</span> <span class='ocrx_word' id='word_1_187' title='bbox 1095 3878 1191 3942; x_wconf 89' lang='lat' dir='ltr'>opere</span> <span class='ocrx_word' id='word_1_188' title='bbox 1211 3857 1377 3922; x_wconf 86' lang='lat' dir='ltr'>reticulato</span> 
     </span>
     <span class='ocr_line' id='line_1_28' title="bbox 272 3956 1377 4036; baseline 0.007 -12"><span class='ocrx_word' id='word_1_189' title='bbox 272 3968 458 4025; x_wconf 82' lang='lat' dir='ltr'>contextum</span> <span class='ocrx_word' id='word_1_190' title='bbox 490 3956 806 4036; x_wconf 74' lang='lat' dir='ltr'>contrementem,</span> <span class='ocrx_word' id='word_1_191' title='bbox 842 3961 936 4027; x_wconf 84' lang='lat' dir='ltr'>coriis</span> <span class='ocrx_word' id='word_1_192' title='bbox 957 3963 1135 4030; x_wconf 90' lang='lat' dir='ltr'>obductum</span> <span class='ocrx_word' id='word_1_193' title='bbox 1156 3974 1269 4031; x_wconf 83' lang='lat' dir='ltr'>contre</span> <span class='ocrx_word' id='word_1_194' title='bbox 1291 3966 1377 4032; x_wconf 83' lang='lat' dir='ltr'>iuro·</span> 
     </span>
    </p>
   </div>
   <div class='ocr_carea' id='block_1_8' title="bbox 275 4115 421 4134">
    <p class='ocr_par' dir='ltr' id='par_1_8' title="bbox 275 4115 421 4134">
     <span class='ocr_line' id='line_1_29' title="bbox 275 4115 421 4134; baseline -0.027 0"><span class='ocrx_word' id='word_1_195' title='bbox 275 4115 421 4134; x_wconf 48' lang='lat' dir='ltr'>m</span> 
     </span>
    </p>
   </div>
   <div class='ocr_carea' id='block_1_9' title="bbox 308 4192 834 4266">
    <p class='ocr_par' dir='ltr' id='par_1_9' title="bbox 308 4192 834 4266">
     <span class='ocr_line' id='line_1_30' title="bbox 308 4192 834 4266; baseline -0.021 -4"><span class='ocrx_word' id='word_1_196' title='bbox 308 4192 354 4262; x_wconf 80' lang='lat' dir='ltr'>(*i</span> <span class='ocrx_word' id='word_1_197' title='bbox 390 4194 411 4246; x_wconf 78' lang='lat' dir='ltr'>i·</span> <span class='ocrx_word' id='word_1_198' title='bbox 430 4212 456 4248; x_wconf 81' lang='lat' dir='ltr'>s·</span> <span class='ocrx_word' id='word_1_199' title='bbox 474 4194 592 4250; x_wconf 86' lang='lat' dir='ltr'>aiterum</span> <span class='ocrx_word' id='word_1_200' title='bbox 609 4203 721 4254; x_wconf 73' lang='lat' dir='ltr'>cetrum</span> <span class='ocrx_word' id='word_1_201' title='bbox 739 4205 834 4266; x_wconf 79' lang='lat' dir='ltr'>cspnt.</span> 
     </span>
    </p>
   </div>
   <div class='ocr_carea' id='block_1_10' title="bbox 0 0 1462 5150">
    <p class='ocr_par' dir='ltr' id='par_1_10' title="bbox 0 0 1462 5150">
     <span class='ocr_line' id='line_1_31' title="bbox 0 0 1462 5150; baseline 0 0"><span class='ocrx_word' id='word_1_202' title='bbox 0 0 1462 5150; x_wconf 95' lang='lat' dir='ltr'> </span> 
     </span>
    </p>
   </div>
  </div>
 </body>
</html>
