2950 5144
335 484 378 548 64
499 513 501 519 ·
756 479 978 548 WOIiPEIlI

334 652 423 714 tione
444 650 607 724 detinens,
641 643 808 733 plurimum
830 659 861 712 et
882 627 973 734 quasi
995 648 1153 714 continuo
1174 646 1209 708 in
1231 643 1326 708 Frisia
1351 645 1448 709 labo·

333 759 429 833 ravit,
462 758 495 820 in
528 757 611 820 fanis
640 754 855 830 destruendis,
877 755 1014 820 eeclesiis
1033 751 1257 827 aedificandis,
1280 754 1448 819 erroribus

332 865 553 950 exstirpandis,
589 885 629 928 ao
650 883 742 929 verae
761 862 836 926 fidei
858 862 1024 926 seminibus
1044 863 1078 925 in
1100 859 1250 926 cordibus
1270 861 1447 927 Frisonum

334 972 558 1057 aspergendis,
591 970 646 1035 ubi
677 990 746 1033 non
779 991 913 1054 parrum
940 970 1077 1034 llomino
1097 970 1253 1055 populum
1274 971 1448 1055 aequisivit

333 1105 353 1147 a
384 1082 579 1147 daemonum
610 1079 733 1144 cultura
762 1087 915 1162 ereptum.
959 1078 1082 1142 Deinde
1114 1078 1303 1144 auctoritate
1335 1080 1447 1144 sancti

334 1188 531 1255 willibrordi
553 1207 688 1273 pergens
708 1186 870 1260 Romam,
894 1207 913 1249 a
934 1186 1087 1272 Gregorio
1108 1205 1194 1270 papa
1215 1186 1385 1266 secundo,
1410 1198 1447 1252 ut

333 1299 444 1364 maiori
485 1297 675 1362 auctoritate
715 1294 913 1379 praedicaret
954 1316 994 1360 ac
1025 1294 1211 1379 corrigenda
1244 1295 1443 1380 corrigeret,

332 1406 498 1492 episcopus
527 1405 690 1468 ordinatus
718 1413 784 1482 est;
819 1413 849 1466 et
881 1412 1006 1466 mutato
1028 1402 1161 1466 nomine
1182 1401 1277 1466 veteri
1298 1423 1442 1480 novum,

332 1516 422 1601 quod
443 1513 505 1577 suis
526 1520 712 1596 congrueret
735 1509 901 1594 operibus,
926 1511 1110 1576 Bonilacius
1130 1510 1290 1594 imposuit.
1337 1513 1445 1598 Atque

310 1623 375 1686 ·ad
408 1618 712 1686 consummationem
745 1619 850 1702 coepti
873 1617 1031 1682 ministerii
1052 1619 1086 1682 in
1108 1618 1311 1684 Germaniam
1333 1641 1446 1686 nrrsus

332 1729 475 1794 mittitur.
528 1727 568 1789 ln
609 1748 674 1810 qua
707 1726 816 1790 divina
849 1727 1039 1790 auctoritate
1069 1737 1103 1790 et
1135 1728 1310 1814 apostolica
1342 1729 1446 1794 fretus

332 1836 531 1922 Turingiam,
577 1833 776 1908 bohemiam,
821 1834 1007 1898 orientalem
1039 1811 1227 1913 branciam,
1271 1847 1445 1924 totamque

331 1945 536 2010 Germaniam
570 1953 667 2028 atque
699 1943 867 2006 Barariam
890 1942 1098 2019 circumiens,
1134 1955 1271 2010 errantes
1292 1945 1440 2024 reduxit,

331 2051 480 2116 reductos
500 2051 710 2126 confortavit,
744 2049 924 2116 seductores
944 2051 1076 2117 clericos
1097 2061 1194 2138 atque
1215 2053 1345 2118 rebelles
1365 2056 1443 2120 istos

330 2159 486 2236 correxit,
518 2159 587 2222 illos
619 2159 783 2244 deposuit,
819 2159 876 2232 hos
897 2160 1204 2236 excommunicavit,
1239 2163 1312 2226 istos
1333 2165 1442 2242 varic,

329 2278 364 2331 nt
395 2268 485 2331 saluti
515 2276 648 2332 noverat
679 2267 824 2350 expedire
846 2268 1044 2343 animarum,
1076 2271 1286 2335 ecclesiastiea
1307 2293 1443 2337 censura

330 2377 510 2462 percelluit,
546 2394 617 2438 non
650 2375 768 2439 cedens
796 2376 906 2451 minis,
955 2398 1022 2441 non
1056 2379 1179 2442 territus
1211 2380 1351 2456 insidiis,
1384 2383 1443 2446 soli

330 2485 418 2557 Deo,
451 2502 547 2566 quem
578 2481 611 2544 in
638 2483 759 2546 cunctis
780 2482 957 2548 adiutorem
979 2484 1107 2561 habuit,
1142 2486 1299 2553 bonorem
1320 2488 1445 2573 pariter

329 2601 360 2656 et
401 2590 544 2654 timorem
582 2590 747 2674 impendit.
801 2591 924 2656 Deinde
955 2603 1082 2657 mortuo
1114 2594 1264 2680 Gregorio
1295 2597 1444 2662 seeundo

330 2701 420 2765 buius
452 2699 606 2777 nominis,
642 2701 748 2779 tertius
767 2699 869 2764 eidem
891 2700 1089 2788 subrogatur.
1133 2702 1194 2784 Qui
1216 2703 1330 2768 auditis
1351 2707 1444 2771 frue-

329 2810 424 2875 tuosis
455 2808 539 2874 beati
571 2809 627 2874 viri
656 2807 819 2892 operibus,
853 2809 982 2892 pallium
1005 2809 1107 2874 eidem
1129 2811 1229 2883 misit,
1264 2811 1445 2897 arehiepis-

329 2938 447 3002 copum
469 2916 646 2991 ordinarit,
670 2925 701 2978 et
723 2924 757 2976 ut
779 2915 856 2978 alios
877 2916 1041 2982 ordinaret
1061 2917 1227 3003 episcopos
1246 2929 1442 3004 potestatem

328 3024 426 3090 dedit.
471 3023 560 3088 Unde
589 3024 624 3087 in
659 3021 826 3087 anariam
847 3025 979 3088 veniens
999 3026 1098 3112 ipsam
1119 3027 1154 3090 in
1176 3039 1317 3112 quatuor
1337 3051 1443 3114 paro·

329 3130 416 3196 cbias
435 3131 627 3216 episcopales
657 3131 776 3207 divisit,
809 3131 1005 3218 totidemque
1025 3133 1113 3198 sedas
1133 3136 1312 3213 ordinavit,
1346 3138 1443 3202 ride·

327 3241 400 3306 licet
442 3238 737 3324 saltzburgensem,
779 3241 830 3304 eui
874 3241 1025 3325 praefecit
1056 3243 1241 3327 episcopum
1273 3245 1442 3311 loannem

329 3348 481 3423 nomine,
513 3347 753 3433 Frisingensem,
788 3350 838 3414 cui
869 3350 1104 3416 Herembertum
1136 3364 1297 3437 pastorem
1318 3375 1443 3420 conse·

327 3459 447 3533 oravit,
470 3453 752 3533 Ratisbonensem,
776 3457 826 3522 cui
849 3457 1094 3535 Gowiboldum,
1119 3461 1358 3537 Patariensem,
1384 3465 1441 3528 cui

327 3567 515 3641 Winaldnm
548 3587 568 3628 a
595 3585 681 3650 papa
702 3577 926 3632 consecratum
946 3578 1105 3652 pastorem
1125 3569 1223 3636 dedit.
1266 3569 1442 3636 Celebrato

326 3675 467 3758 denique
488 3673 624 3738 coneilio
644 3675 728 3736 iussu
750 3673 922 3739 Zachariae
942 3697 1063 3762 papae,
1088 3679 1142 3764 qui
1165 3678 1317 3764 Gregorio
1338 3681 1440 3744 tertio

325 3789 533 3854 successerat,
565 3782 597 3843 in
629 3779 827 3844 Francorum
847 3783 1012 3865 provincia
1033 3797 1199 3870 praesente
1220 3785 1441 3852 Caroloman-

324 3903 394 3964 'no,
416 3887 520 3954 Garoli
541 3887 671 3951 llartelli
691 3888 754 3950 iam
776 3889 919 3957 deluncti
940 3893 1024 3970 filio,
1049 3917 1136 3960 anno
1157 3898 1281 3961 Domini
1303 3895 1439 3984 riifxlii,

323 3997 355 4060 xi
387 3995 541 4061 calendas
572 3995 663 4070 ldaii,
699 4015 815 4061 omnes
839 4019 909 4063 non
942 4003 1042 4066 solum
1074 4005 1224 4082 clericos,
1259 4006 1440 4074 sedetiam

323 4103 509 4188 episcopos,
541 4102 678 4168 heretica
710 4105 866 4188 pravitate
899 4108 1069 4194 deceptos,
1103 4113 1145 4178 ab
1166 4115 1317 4181 ecclesiae
1338 4139 1440 4184 com·

323 4211 478 4276 munione
507 4213 657 4298 expulsit3
688 4233 742 4278 eos
763 4225 889 4296 autern,
922 4237 1006 4302 quos
1027 4221 1169 4306 capitalis
1190 4224 1329 4290 criminis
1350 4225 1438 4292 infa-
