2950 5144
526 492 777 563 cuuotttcou.
1162 505 1205 572 29

92 655 246 722 anutium
279 655 321 722 ad
352 657 466 724 ducam
496 661 638 738 Galrian,
673 674 709 728 ut
739 665 895 734 festinaret
916 669 1025 735 venire
1045 670 1089 735 ad
1109 692 1201 750 aum,

92 783 302 849 responsuram
332 765 374 832 da
402 767 595 854 quibtudam
625 770 752 837 damnis
771 795 830 860 par
849 777 949 862 ipaim
971 777 1048 846 duci
1069 779 1204 846 Ctivanni

91 879 124 934 at
166 869 338 949 Wilhelmo
379 875 513 943 domino
541 878 582 943 de
613 879 773 966 Egmondt
805 894 921 968 patruo
951 886 1053 952 ittarta.
1109 887 1203 954 Venit

88 999 168 1064 argo
199 979 365 1063 Adolphua
395 983 463 1050 dux
495 985 616 1052 Gelriae
645 986 688 1051 ad
721 988 870 1056 caronam
891 993 924 1058 iu
946 993 1062 1064 ttaadin
1084 995 1120 1060 in
1142 999 1203 1062 Ar·

34 1105 36 1109 ’
90 1095 171 1172 toya.
223 1085 275 1151 ad
311 1107 407 1173 quom
441 1091 586 1158 carolina:
639 1095 712 1160 Non
749 1097 882 1186 (inanit)
918 1105 1028 1172 vooavi
1062 1113 1113 1180 te,
1147 1105 1203 1170 aad

88 1195 208 1261 duoem
241 1195 396 1264 Getdriaa.
440 1199 500 1266 Cui
529 1200 712 1289 Adoiphua:
767 1207 818 1272 ilo
849 1208 982 1295 (inquit)
1015 1220 1098 1278 tarra
1130 1233 1201 1278 moa

88 1302 187 1368 habet
215 1325 275 1389 pro
308 1306 390 1373 duca
422 1307 552 1376 ueniae.
596 1311 645 1376 nd
674 1310 765 1398 quod
787 1312 939 1381 Cuotuaa
982 1317 1112 1386 virente
1134 1321 1202 1404 (iu-

92 1411 179 1498 quit)
212 1423 299 1498 patra
331 1424 406 1494 tuo,
454 1436 515 1504 ogo
546 1426 578 1482 te
609 1439 677 1486 non
708 1419 812 1488 habeo
841 1423 955 1490 ducem
988 1424 1119 1493 Galriao.
1162 1429 1201 1494 tu

90 1541 167 1586 oum
198 1518 262 1586 hoo
290 1522 433 1602 dixiaaot,
476 1523 563 1592 iuuit
595 1547 668 1592 aum
697 1529 859 1597 nundin.
912 1531 1005 1600 'iuno
1036 1535 1200 1622 Adoiphua

86 1627 171 1694 miait
203 1627 247 1694 ad
279 1631 482 1698 antolianum
511 1633 552 1698 de
582 1633 729 1713 Buaran.
764 1635 817 1702 ubi
850 1638 1011 1704 Arnotdua
1040 1644 1199 1713 outtodia·

87 1735 205 1812 batur,
238 1745 274 1800 ut
294 1738 430 1820 mitteret
448 1739 494 1807 ad
514 1741 616 1826 ipsum
636 1742 815 1808 Arnoldum
836 1744 952 1814 duorm
973 1749 1102 1818 Gottinr.
1148 1753 1198 1819 ut

87 1864 187 1931 qinom
228 1864 332 1931 quum
362 1848 512 1926 raniaant,
556 1859 659 1914 motua
689 1850 851 1921 Arnoidua
881 1855 1109 1943 ingratitudine
1141 1861 1198 1928 fittt

88 1955 137 2018 aui
171 1964 202 2018 et
242 1954 402 2022 beneficio
445 1956 570 2035 Caroli,
612 1957 802 2026 exheredato
832 1962 900 2028 filio
932 1985 1009 2043 nuo,
1055 1969 1198 2036 modion

91 2063 207 2130 Caroio
249 2064 326 2130 duci
353 2064 519 2132 duontum
563 2066 685 2133 Getriaa
716 2078 747 2134 nt
781 2071 967 2138 comitatum
998 2074 1197 2161 Zutphaniao

86 2195 150 2260 pro
180 2173 272 2238 xciim
303 2194 471 2240 aureorum
497 2173 715 2254 florenorum
750 2197 842 2242 anuo
863 2178 990 2244 Domini
1010 2185 1197 2250 moncotxxii

85 2285 122 2347 in
152 2283 294 2370 profesto
327 2283 500 2348 nativitatis
533 2284 650 2350 Mariae
679 2285 827 2370 virginis,
860 2288 1022 2374 maignana
1051 2288 1094 2353 itti
1125 2311 1196 2355 om·

85 2393 144 2458 nia
175 2393 245 2461 iura
273 2412 350 2467 ana,
382 2412 465 2478 quae
484 2412 577 2478 atpar
598 2393 720 2460 duoatu
747 2393 870 2462 dotrina
890 2394 1049 2476 habebat,
1083 2397 1195 2465 homa·

86 2500 174 2588 gium
205 2502 250 2566 itti
282 2501 440 2583 continuo
469 2512 644 2586 praestana.
687 2503 725 2566 Et
757 2502 815 2568 init
844 2503 879 2568 id
899 2506 1056 2572 matorum
1078 2510 1198 2574 mutto·

88 2631 161 2674 rum
191 2631 286 2676 oauaa
315 2620 347 2676 at
367 2611 489 2674 initium
511 2611 546 2675 in
568 2610 749 2676 Germania.
791 2611 871 2675 Nam
894 2611 1026 2678 Carotur
1046 2616 1196 2703 Burgun-

1 2762 2 2768 κ
85 2720 220 2786 dionum
249 2719 338 2797 dux,
371 2729 498 2784 mortuo
519 2717 665 2782 Arnoldo
702 2717 784 2782 duco
816 2718 937 2784 Galriao
958 2741 1049 2786 nuno
1067 2724 1194 2790 Domini

83 2828 304 2905 mcccclxxiii.
338 2848 412 2894 oum
444 2827 581 2892 uaroitu
613 2827 768 2911 ingressus
798 2826 952 2902 Gelriam,
986 2837 1086 2892 totam
1108 2830 1195 2898 ittam

85 2949 207 3002 terram
236 2937 307 3022 igne
328 2946 361 3001 ot
380 2937 464 3002 iat-ro
486 2936 639 3014 vastavit.
669 2945 701 3000 οἱ
722 2934 832 3002 afflffii
854 2935 965 3012 Valde,
990 2936 1194 3025 civitatesque

84 3054 118 3112 et
139 3053 242 3110 cantra
263 3065 369 3129 paone
390 3044 501 3110 omnia
522 3043 683 3122 obduras,
706 3043 840 3109 Gelrinm
862 3054 963 3110 totam
984 3055 1055 3129 poti
1076 3046 1193 3113 mullo·

85 3173 159 3216 rum
190 3173 302 3220 uenam
330 3153 387 3217 sibi
408 3153 551 3220 nubieoit.
596 3153 771 3238 Ponitiaquo
791 3153 823 3216 in
847 3153 997 3221 omnibua
1017 3155 1193 3222 civitatibus
1334 3245 1337 3252 .

84 3271 121 3328 ot
140 3263 248 3328 oaatria
267 3260 447 3348 praeridiis.
481 3262 644 3347 assumpsit
676 3282 783 3330 aooum
804 3261 952 3328 carolum
973 3263 1072 3330 filium
1092 3265 1191 3330 nuut-

81 3373 139 3460 phi
162 3370 270 3438 adhuo
288 3392 441 3457 puomm,
463 3381 495 3436 et
515 3391 652 3439 reversus
673 3383 719 3438 ost
738 3372 773 3435 iu
795 3371 1015 3438 Brabnntiam.
1070 3374 1192 3440 Deinde

82 3481 255 3547 intarsroto
297 3478 414 3545 Cannio
457 3479 724 3564 Burgundionum
767 3478 850 3544 duca
892 3479 934 3544 ab
978 3481 1122 3544 Helvetiis
1154 3483 1191 3546 in

83 3591 207 3656 duoatu
238 3589 461 3675 lotharingiae
492 3598 569 3652 anta
601 3587 718 3664 Danai,
762 3586 861 3652 Maria
894 3587 996 3651 unica
1028 3586 1093 3652 eiua
1124 3588 1191 3654 filia

87 3699 224 3765 solutum
256 3698 431 3764 aninoutis
450 3695 633 3782 Adotphum
653 3695 775 3764 Gelriae
795 3695 910 3762 ducem
930 3697 1082 3780 praaiaoit
1103 3718 1191 3764 axor-

86 3806 165 3874 oitui
205 3806 422 3882 Morinorum.
465 3815 500 3870 ut
534 3827 606 3872 oum
640 3805 683 3870 eia
712 3816 826 3872 contra
856 3806 1054 3874 Francorum
1085 3828 1190 3894 ragam

82 3926 255 4011 pugnarat.
299 3916 327 3982 Δ
359 3937 427 4002 quo
454 3915 490 3978 iu
512 3915 626 3980 eodem
646 3934 791 4001 pugnans
810 3915 932 4000 proelio
954 3916 1075 3982 fortiter
1095 3918 1192 3982 intar-

82 4026 186 4092 tectus
218 4036 275 4092 ast.
331 4026 418 4093 Tuno
449 4025 547 4090 Mario
578 4023 725 4090 Carnium
755 4024 894 4109 Adotphi
925 4024 1025 4089 fitium
1058 4025 1189 4090 unicum

83 4130 313 4219 diligentiorum
334 4155 453 4222 magua
473 4154 550 4200 oura
571 4131 648 4198 fovit
668 4141 700 4195 at
720 4131 887 4206 educarit,
910 4152 930 4194 a
951 4151 1018 4217 quo
1038 4143 1068 4200 at
1089 4136 1189 4204 fitium

84 4263 175 4310 mum
209 4244 343 4312 uuioum
374 4242 570 4329 Philippum,
602 4249 712 4328 postea
746 4239 949 4328 Burgundiaa
982 4241 1114 4324 ducam,
1147 4247 1188 4313 do
