2950 5144
2 353 3 416 t

2 518 4 567 t
514 509 762 579 canonicor.
1137 517 1179 582 aa

2 795 3 800 ἵ
107 728 167 786 lm
188 726 447 786 conversione
465 730 598 786 teme
615 731 766 788 nmine
784 731 835 787 ert
853 735 1042 790 ortentenr
1059 732 1132 789 Le·

214 823 331 879 vtoce
348 821 539 891 ttumtnts,
559 835 661 894 quse
678 837 779 880 nunc
797 825 914 896 vulgo
931 826 1039 882 terre

399 913 677 986 Grontnflensls
696 915 855 973 rltcltnr.

529 1116 617 1181 CAP.
639 1115 757 1182 xxttt'.

104 1329 253 1393 Fuerunt
286 1329 380 1415 igitur
412 1351 450 1394 eo
484 1340 625 1415 tempore
646 1335 680 1394 tn
703 1330 891 1396 occidentali
913 1331 1006 1396 Frisia
1028 1335 1171 1418 quinque

58 1439 182 1524 populi
203 1459 276 1502 cum
297 1438 417 1514 insula,
450 1459 541 1522 quae·
565 1438 651 1503 Bant
681 1439 813 1515 dicitur,
844 1441 899 1524 qui
929 1438 1025 1504 fidem
1046 1438 1172 1506 Christi·

2 1529 3 1614 l
60 1567 165 1611 anam
200 1545 349 1610 nondum
369 1556 589 1631 susceperant,
625 1567 761 1633 quorum
782 1545 862 1613 haec
882 1548 1008 1611 luerunt
1028 1549 1172 1618 nomina.

60 1657 318 1742 llugemertrea‚
339 1655 586 1740 Hucusegorria‚
622 1655 840 1738 Friviligonia,
875 1655 1071 1742 Emisgonia‚
1106 1654 1171 1719 Re·

2 1745 3 1784 ¹
60 1763 243 1847 dergonia,
283 1760 325 1824 ab
358 1761 501 1825 orientali
531 1771 622 1847 parte
651 1762 810 1837 fluminis,
844 1762 933 1847 quod
967 1762 1103 1838 Inuicti,
1139 1775 1170 1828 ct

60 1873 157 1958 vulgo
190 1869 246 1934 die
277 1870 467 1936 Lauwerme
488 1879 713 1954 nuncupatur,
748 1879 779 1933 ct
811 1871 875 1935 illic
895 1870 976 1934 ultra
998 1873 1169 1936 constituti.

2 1963 3 2052 l
59 1979 97 2041 lli
118 1997 242 2042 omnes
262 1977 371 2043 divina
393 1979 555 2062 aspirante
574 1980 691 2063 gratia,
716 1980 811 2042 missis
832 1980 938 2064 legatis
959 1980 1000 2043 ad
1022 1978 1169 2045 Garohrm

57 2108 243 2174 magnum,
289 2084 494 2171 spondebant
527 2105 558 2149 se
589 2083 797 2150 Christianam
830 2096 1015 2170 accepturos
1049 2088 1169 2160 fidem,

59 2197 137 2259 dum
172 2195 219 2261 eis
249 2215 305 2258 rex
336 2194 517 2279 quempiam
549 2192 670 2256 mittere
702 2193 900 2278 dignaretur,
935 2215 952 2256 a
985 2213 1054 2278 quo
1071 2193 1169 2266 fidem

58 2303 261 2379 ediscerent,
299 2302 450 2386 cuiusque
483 2299 641 2385 loquelam
661 2300 875 2386 intelligerent.
919 2300 998 2364 llicit
1018 2319 1093 2385 ergo
1114 2320 1168 2364 rex

59 2433 96 2477 ac
126 2409 291 2496 praefecit
321 2409 367 2473 eis
398 2408 526 2471 beatum
548 2406 746 2492 ludgerum.
779 2409 835 2492 qui
855 2427 922 2472 non
944 2408 1045 2471 solum
1069 2407 1169 2470 triso-

2 2539 5 2656 p
58 2521 174 2586 nicam
195 2518 339 2604 linguam
359 2515 497 2600 perfecte
518 2524 627 2588 norat,
659 2523 771 2598 utpote
790 2514 876 2578 Friso
896 2535 934 2580 ex
955 2525 1090 2600 utroque
1110 2535 1168 2600 pa·

58 2638 157 2692 rente
189 2636 306 2702 natus,
340 2645 386 2689 ac.
412 2624 447 2686 in
479 2622 574 2685 Frisia
606 2621 743 2685 nutritus
773 2631 803 2685 et
836 2620 1007 2695 educatus,
1052 2623 1111 2686 sed·
1136 2634 1167 2687 et

59 2736 231 2810 Latinam,
254 2732 494 2806 Germanicam,
527 2726 681 2793 Gallicam
700 2736 732 2791 et
752 2726 960 2813 Anglicanam
981 2728 1167 2811 perpulchre

59 2843 214 2908 carrena.
258 2840 321 2922 Qu
350 2839 465 2903 rudem
494 2836 581 2902 neu
610 2833 786 2900 admodum
806 2842 946 2919 tempore
966 2835 1074 2900 omna
1095 2813 1183 2898 rao-⁸

2 2994 3 3038 p
58 2951 170 3016 lorum
200 2948 278 3013 fana
309 2946 488 3020 destruens,
525 2965 564 3009 ea
595 2943 630 3006 in
652 2941 761 3007 Christi
783 2942 932 3007 eeclesias
949 2944 1163 3008 eommutavit.

59 3059 165 3124 lluius
182 3056 259 3122 fidei
280 3063 370 3120 testes
389 3064 464 3116 sunt
484 3072 585 3137 usque
605 3049 699 3114 hodie
718 3050 827 3134 populi
848 3049 986 3116 eiusdem
1007 3051 1161 3137 regionis,

2 3187 3 3256 t
58 3168 115 3233 ubi
144 3150 281 3231 'omnem
313 3165 362 3248 (ut
392 3159 497 3225 adhuc
527 3167 572 3223 est
604 3159 638 3220 in
659 3156 823 3242 memoria)
846 3159 1019 3242 populum,
1043 3159 1099 3244 qui
1120 3170 1163 3224 est

2 3303 3 3306 ¹
58 3280 143 3344 inter
173 3275 324 3340 Lavicam
345 3281 377 3336 et
397 3272 545 3334 hmasum
570 3266 719 3342 flumina,
742 3286 799 3350 per
819 3267 1009 3351 evangelium
1030 3278 1060 3332 et
1082 3267 1162 3352 bap-

58 3385 192 3450 tismatis
225 3383 387 3447 lavacrum
418 3379 450 3441 in
482 3375 603 3441 Christo
635 3392 826 3459 regenerans
855 3373 897 3438 ad
918 3376 1051 3440 veritatis
1072 3376 1163 3459 agni.

2 3495 3 3540 ἶ
62 3495 184 3559 tionem
206 3490 344 3559 vocavit.
