2916 5150
296 468 356 532 lod
756 467 978 534 Woltnssnr

296 637 374 701 tium
393 654 470 719 pree
493 634 698 711 contusione,
733 636 853 699 sonitus
873 636 967 699 maris
986 645 1017 701 et
1038 636 1210 708 fluctuum,
1250 654 1401 700 crescen-

294 745 377 809 tibus
397 739 576 806 hominibus
595 763 673 826 pree
694 742 816 806 timore.
845 743 933 807 Tunc
954 754 1102 807 metrone
1124 744 1283 828 quaedem
1305 764 1402 826 pree·

293 853 378 917 dines
397 871 435 914 ex
456 848 608 932 praedicti
640 849 751 934 pugitis
773 850 871 913 domo
893 852 1054 915 ecclesium
1077 851 1266 917 aedificavit.
1311 853 1403 919 Haec

295 959 337 1024 de
368 957 464 1024 verbo
486 957 528 1021 sd
550 955 681 1021 verbum
700 978 739 1021 ex
760 957 888 1040 dialogo
910 957 1045 1025 Caesarii
1066 969 1279 1042 transsumpta
1299 971 1402 1040 suot3

295 1067 384 1132 cuius
412 1066 511 1130 abbas
539 1066 650 1130 eodem
673 1084 784 1141 enno,
816 1086 883 1150 quo
906 1065 985 1131 heec
1007 1067 1232 1152 contigerant,
1266 1068 1403 1133 visitavit

293 1197 352 1260 per
371 1175 497 1238 Frisium
519 1174 709 1237 monasteria
742 1173 864 1238 ordinis
884 1172 1101 1240 Cisterciensis.
1144 1174 1218 1256 Quo
1240 1185 1344 1241 eutem
1365 1179 1403 1241 in

296 1286 371 1348 loeo
402 1282 466 1346 hoc
498 1282 587 1346 nefus
617 1291 853 1366 perpetratum,
882 1292 940 1346 suut
972 1283 1104 1348 ecclesie
1137 1284 1176 1348 sit
1197 1293 1402 1359 constructa,

297 1394 375 1458 seire
407 1411 477 1455 non
509 1373 626 1475 potui.¹
653 1390 792 1471 Quidam
824 1390 935 1454 dicunt
968 1391 1002 1453 in
1026 1390 1184 1478 Wielsryp
1204 1413 1304 1477 prope
1327 1392 1404 1458 Fra·

295 1501 395 1567 neker
425 1498 501 1564 illud
533 1498 718 1581 contigisse,
752 1499 901 1584 iilumque
922 1499 1085 1563 ecclesium
1106 1520 1146 1564 eo
1166 1500 1202 1562 in
1224 1499 1298 1564 loco
1321 1521 1404 1566 con·

298 1618 450 1672 structam
479 1626 554 1671 esse.
597 1604 660 1670 Sed
691 1625 752 1691 ego
788 1606 887 1688 (salvo
920 1607 1031 1672 veriori
1053 1607 1183 1690 iudicio)
1207 1608 1303 1672 credo
1327 1609 1405 1672 illud

300 1715 484 1800 contigisse,
506 1715 734 1800 ecclesiamque
754 1714 838 1791 illam
860 1724 1080 1780 constructam
1095 1723 1166 1781 'esse
1186 1716 1230 1780 ud
1250 1716 1405 1781 orientem

297 1823 432 1889 Lanicue
462 1820 602 1884 fluminis
632 1823 666 1884 iu
688 1831 771 1885 terre
793 1821 1015 1907 Groningensi.
1059 1824 1098 1888 Et
1119 1824 1161 1890 ud
1183 1824 1245 1890 hoc
1265 1825 1408 1890 creden·

299 1933 377 1997 dum
407 1929 509 1993 ducor
540 1926 642 1991 verbis
662 1926 797 1993 Caesarii
818 1929 1003 2005 scribentis,
1035 1933 1126 2016 quod
1147 1934 1314 2018 episcopus
1336 1934 1408 1998 no·

300 2036 496 2104 ussteriensis
526 2034 640 2098 indixit
671 2037 895 2121 poenitentiam
927 2040 1182 2122 provincialibus.
1237 2042 1321 2123 Quin
1357 2042 1406 2106 itta
1455 2111 1457 2120 A

299 2169 374 2234 pers
405 2146 519 2210 Frisine
539 2145 621 2208 ultro
644 2146 792 2209 Lauicam
814 2145 857 2209 ad
877 2147 1154 2213 monasteriensem
1173 2151 1314 2235 pertinet
1337 2150 1406 2216 dio·

301 2258 407 2323 cesim.
450 2255 484 2318 Si
503 2255 588 2319 euim
615 2255 649 2318 in
669 2251 819 2338 Oestergo
841 2265 895 2318 aut
918 2256 1082 2341 Westergo
1103 2258 1135 2320 id
1157 2260 1278 2322 tactum
1300 2259 1407 2324 fuisset

301 2387 371 2430 nou
405 2362 673 2435 Monusteriensis,
707 2363 762 2425 sed
794 2363 1001 2428 Treiectensis
1032 2365 1213 2449 episcopus,
1250 2366 1294 2431 ad
1318 2369 1408 2432 euius

299 2472 450 2536 diocesim
479 2474 538 2532 istu
568 2490 642 2552 pers
674 2470 828 2552 pertinere
860 2481 986 2535 constet
1020 2472 1170 2559 (exceptis
1201 2486 1279 2540 octo
1299 2477 1404 2562 pagis)
1455 2505 1457 2550 t

298 2578 526 2664 poenitentium
556 2576 712 2641 indixisset
740 2579 872 2662 populo.
915 2580 993 2643 Item
1028 2582 1064 2645 in
1097 2582 1286 2667 quibusdam
1323 2585 1408 2651 tibris

298 2687 475 2762 invenitur,
510 2685 595 2750 hanc
626 2685 739 2748 Frisiue
771 2685 1016 2751 submersionem
1049 2690 1168 2754 t'eotnm
1198 2692 1290 2756 fuisse
1313 2715 1406 2758 enno

300 2796 427 2862 Dnmini
457 2791 659 2867 mdclxxxii,
692 2803 727 2856 ut
757 2803 843 2877 putet
876 2815 914 2858 ex
934 2798 1136 2881 sequentibus
1157 2805 1315 2885 corruptis
1335 2822 1406 2868 ver·

299 2907 415 2972 siculis.

411 3057 465 3115 nte
484 3055 572 3114 semel
591 3075 644 3122 ιιι,
663 3055 708 3114 bis
727 3075 765 3123 c,
785 3058 873 3116 semel
891 3060 1092 3140 octoginteque
1111 3073 1241 3142 septem,

411 3159 486 3218 Sunt
505 3157 637 3216 Frisones
656 3159 761 3224 mersi,
780 3157 910 3218 Nicasius
928 3162 1039 3220 indicet
1057 3165 1142 3224 illud.

338 3309 402 3376 Sed
424 3306 585 3373 Caesarius
606 3317 746 3391 tempore
767 3331 834 3393 quo
854 3331 947 3395 supra
970 3313 1047 3378 dicit
1067 3315 1198 3382 sectum.
1232 3319 1316 3401 Quia
1337 3321 1401 3386 hoc

297 3432 439 3504 tempore
469 3425 646 3501 expugnate
677 3426 722 3480 est
752 3417 1043 3497 deminuuntur,
1078 3435 1109 3487 et
1133 3427 1293 3492 Honorius
1312 3449 1399 3512 pon·

297 3529 451 3594 tificntum
484 3525 654 3590 Romanae
687 3525 838 3591 ecclesiae
872 3528 990 3605 tenuit,
1025 3533 1115 3598 cuius
1145 3538 1337 3604 auctoritate
1368 3547 1399 3602 et

297 3637 427 3702 consilio
448 3634 628 3720 praedictus
647 3635 733 3718 pugil
754 3635 835 3698 ultre
857 3656 944 3701 mure
966 3642 1099 3707 transiit.
