2916 5150
485 478 734 545 cuttontcon
1097 479 1157 542 loa

57 645 227 710 nniversam
247 661 317 708 eam
339 643 489 719 Frisiam,
510 665 595 731 qnae
616 648 696 712 inter
716 647 843 712 Flevum
864 656 894 709 et
917 646 1064 710 Larisam
1085 656 1152 717 eutr

57 750 108 816 sibi
135 772 247 836 perere
278 753 401 836 coegit,
433 764 633 840 acceptoque
660 755 701 817 ab
722 753 871 818 omnibns
890 754 1046 818 fidelitatis
1067 753 1153 817 iura·

57 870 178 935 mento,
203 858 354 923 nobilium
376 860 552 924 nonnullos
572 865 707 945 equestri
729 861 881 946 dignitate
901 859 1042 925 donarit.
1074 858 1153 923 Tum

58 985 140 1030 more
161 966 353 1032 llollaudioo
374 965 506 1032 ballivos
526 969 701 1043 constituit,
720 971 776 1054 qui
798 969 925 1033 Frisium
947 989 1003 1032 suo
1026 968 1155 1032 nomine

58 1085 212 1156 regerent,
255 1096 273 1139 e
305 1074 419 1160 quibus
459 1075 584 1140 luerunt
625 1076 698 1139 Feio
721 1077 966 1150 *Doooumanun
1004 1075 1155 1140 Geroldus

59 1179 258 1268 (limminga.
283 1180 423 1248 Renioue
443 1183 625 1256 Bonnam,
650 1183 785 1248 Tierebo
807 1185 949 1250 Waltba.
992 1184 1155 1248 Postremo

59 1289 201 1353 avunculi
242 1291 290 1353 sni
333 1310 467 1375 eorpus.
513 1311 598 1376 quae
630 1312 728 1356 causa
760 1293 967 1376 expeditionis
997 1291 1155 1375 potissima

57 1396 172 1472 luerat,
196 1418 271 1462 oum
293 1397 387 1461 armis
407 1407 437 1462 et
457 1409 560 1474 scuto.
582 1398 614 1462 id
636 1408 681 1464 est
703 1419 776 1464 oum
799 1400 990 1484 insignibus,
1015 1421 1033 1466 e
1054 1401 1157 1484 sepul·

57 1503 131 1568 ebro
151 1505 396 1590 depromptum.
421 1507 511 1591 quod
532 1507 566 1570 in
589 1506 754 1572 Coenobio
776 1507 880 1574 Veteri
901 1518 987 1584 erat,
1002 1508 1157 1574 Valenoe·

59 1633 131 1676 nam
150 1613 246 1677 misit.
278 1614 330 1677 llis
351 1615 501 1680 conlectis
521 1614 627 1688 rebus,
654 1614 795 1680 Stauriae
815 1616 976 1682 castellnm
997 1616 1154 1692 validum,

59 1721 142 1806 quod
162 1722 301 1806 primum
323 1721 358 1784 in
380 1720 441 1786 bac
461 1731 553 1806 parte
573 1722 685 1785 Frisiae
705 1723 782 1799 fnit,
805 1725 916 1802 erexit,
938 1724 1159 1810 praesidioque

59 1839 88 1891 et
117 1828 246 1914 reliquis
266 1827 358 1892 rebus
378 1827 479 1913 probe
499 1829 649 1903 munivit,
683 1838 779 1914 atque
805 1832 840 1894 in
860 1831 1064 1899 Hollandiarn
1086 1853 1158 1896 oum

61 1937 192 2002 exercitu
217 1935 318 2000 aiotor
340 1935 443 1999 rediit.

98 2050 195 2109 Auno
229 2041 401 2106 mcooxorii
433 2042 583 2126 templum
605 2042 751 2107 coenobii
774 2045 994 2111 Fostwerdani
1015 2048 1161 2131 pulober·

63 2151 168 2216 rimam
189 2172 212 2214 a
233 2149 420 2223 monacbis,
444 2159 479 2212 nt
500 2150 655 2214 creditum
678 2151 755 2225 luit,
790 2151 1025 2238 Clarioampiois
1046 2158 1161 2220 inoen·

63 2280 145 2334 eum,
178 2267 284 2322 totum
314 2265 454 2320 exustum
487 2267 544 2322 est.
589 2256 792 2343 Quapropter
813 2260 1003 2328 Fonwerdioi
1023 2272 1163 2347 quatuor

32 2390 34 2398 ’
66 2388 82 2430 e
109 2365 342 2450 Claricempicis
373 2365 518 2430 occidere
548 2365 581 2428 ia
616 2366 779 2432 ultionem.
825 2367 917 2434 Unde
947 2369 1045 2433 multa
1079 2371 1161 2434 mala

64 2488 178 2543 secuta.

104 2590 197 2648 Anno
230 2583 343 2648 eodem
364 2584 495 2647 illarumi
518 2585 548 2647 in
570 2579 722 2670 Ostergoa
744 2584 908 2650 habitabat
928 2585 1001 2652 Odo
1025 2589 1162 2662 botulo,

68 2693 219 2758 Foooonis
245 2692 345 2768 filius,
381 2690 425 2754 vir
447 2690 610 2756 bellicosus
630 2702 661 2756 et
682 2693 858 2777 inquietus,
880 2697 1069 2779 praecipuus
1091 2698 1167 2761 Vet-

49 2822 255 2886 ¹ooprrrorum
285 2808 516 2884 propugnator.
561 2800 591 2862 Is
610 2799 731 2864 socium
753 2799 890 2864 babebat
911 2802 1076 2866 Iaolonem
1095 2804 1166 2886 lep·

69 2930 173 2992 perna,
207 2907 325 2993 pariter
357 2907 449 2970 armis
481 2916 675 2990 promptum.
720 2907 756 2970 lli
788 2907 855 2972 duo
887 2908 1079 2994 Sobiringioe
1111 2932 1168 2994 per

69 3017 283 3102 Westergoam
316 3015 449 3076 multum
482 3012 683 3080 divexabant.
729 3014 801 3096 Qua
822 3017 863 3080 de
882 3037 978 3082 eausa
1000 3018 1169 3103 Sobiringii

69 3123 242 3208 Westergoi
272 3121 429 3206 Ostergois
452 3120 632 3204 Vetooperis
652 3121 782 3186 vicissim
813 3125 973 3208 perinlerti
1001 3136 1033 3189 et
1063 3147 1171 3210 graves

69 3233 301 3305 incubuerunt,
324 3230 505 3312 multaeque
525 3228 632 3291 clades
652 3238 763 3293 mutuo
784 3231 898 3296 illatae.
933 3233 1071 3318 Uterque
1095 3237 1171 3298 Bot-

71 3342 122 3404 nia
152 3352 183 3405 et
217 3339 367 3422 leppema
400 3355 491 3400 anno
524 3337 668 3401 mooooxi
689 3347 825 3402 mortem
848 3339 1016 3416 obierunt,
1049 3344 1099 3410 ille
1121 3344 1172 3406 die

70 3450 117 3514 air
146 3446 295 3534 Augusti,
329 3443 380 3508 hic
412 3444 434 3505 ii
455 3443 656 3527 Septembris.
698 3443 772 3506 Odo
802 3466 840 3508 ex
869 3467 978 3512 sorore
1011 3451 1170 3523 laolonis.

71 3579 167 3643 quam
188 3555 356 3638 coniugem
378 3549 535 3625 habebat,
558 3550 658 3615 filium
681 3571 783 3614 unum
803 3563 835 3616 et
858 3553 937 3616 duas
956 3556 1053 3631 filias.
1085 3558 1173 3621 laclo

72 3687 144 3732 vero
171 3665 273 3728 filium
305 3658 403 3724 modo
435 3658 567 3721 unicum
600 3658 772 3741 Iepponem
795 3661 942 3745 leppema
965 3665 1063 3728 virum
1085 3667 1175 3749 paci·

74 3773 169 3838 ficum
189 3768 326 3852 reliquit.

113 3885 213 3943 Anno
243 3874 356 3939 eodem
389 3871 490 3934 Sixtus
514 3872 659 3956 ‘Decima
681 3883 712 3935 et
732 3873 811 3936 Galo
834 3875 1056 3943 blanniacum
1079 3883 1178 3945 trien·

76 3988 163 4050 nium
194 3988 227 4049 in
257 3985 348 4049 ltalia
369 3980 477 4044 studiis
499 3981 656 4044 literarum
678 4000 808 4063 operam
830 3982 1009 4058 dedissent.
1045 3998 1177 4073 etqua.

76 4093 251 4160 driennium
283 4090 397 4154 deinde
419 4088 451 4151 in
474 4087 578 4151 aulino
600 4086 770 4150 ministerio
786 4087 963 4153 Wenoeslai
984 4091 1179 4176 imperatoris

77 4201 225 4278 luissent,
260 4197 301 4262 ad
326 4216 404 4260 suos
436 4195 600 4262 redierunt
635 4196 669 4257 in
694 4195 830 4259 Frisiam.
875 4198 1007 4263 ilicum
1030 4203 1178 4268 Weidum

1017 4310 1057 4374 13
