2916 5150
278 487 340 556 lffi
714 483 932 549 WORPERI

318 656 415 722 Facta
435 666 479 720 est
501 664 605 720 autem
627 652 705 719 haec
726 663 841 740 strages
861 665 948 720 extra
970 654 1126 720 Stauriam
1145 673 1205 718 xxv
1226 652 1277 717 die
1292 652 1381 736 Sep·

276 765 421 841 tembris,
452 765 514 830 hoe
535 776 580 830 est
599 766 634 828 in
657 764 795 849 profesto
816 763 947 830 Cosmae
967 775 997 828 el
1018 764 1163 828 Damiaui
1183 762 1376 836 martirum,

275 896 359 939 anno
393 875 517 939 Domini
551 874 706 939 mcaoxlv.
759 875 797 937 El
828 883 1002 938 statuemnt
1033 873 1175 936 Frisones
1206 870 1380 934 communi

276 983 406 1049 deorato
437 982 521 1048 huno
552 984 634 1046 diem
664 983 697 1045 in
730 982 881 1046 honorem
914 983 1004 1048 divae
1037 981 1160 1067 virginis
1191 980 1308 1043 lllariaa
1329 977 1378 1042 ab

273 1093 385 1157 incolis
419 1103 520 1155 terrae
551 1091 682 1164 Frisiae‚
715 1090 749 1154 id
778 1101 824 1154 est
855 1091 1018 1154 aSlauria
1039 1111 1138 1175 usque
1159 1089 1201 1152 ad
1222 1087 1377 1153 Lavioam

272 1199 402 1264 fluvium
422 1208 575 1284 perpetuo
596 1201 773 1264 solemniter
793 1199 1039 1274 celebrandum,
1070 1197 1159 1284 quod
1190 1198 1221 1262 in
1244 1197 1377 1262 hodier-

274 1329 353 1372 num
384 1329 484 1394 usque
505 1308 587 1373 diem
609 1307 823 1373 inviolabiliter
843 1319 995 1376 servatur.
1036 1308 1178 1371 Delalum
1199 1315 1378 1370 astantem

274 1439 391 1502 corpus
421 1417 579 1482 Wilhelmi
610 1419 753 1494 comitis,
785 1430 815 1481 et
847 1418 1048 1504 quorundam
1082 1415 1234 1480 nobilium
1264 1435 1378 1479 seeum

275 1527 453 1592 occisorum
482 1527 516 1589 iu
547 1527 673 1591 Florido
706 1525 826 1610 Campo
858 1527 990 1590 solemni
1022 1525 1213 1590 monasterio
1233 1524 1374 1597 Frisiae.

273 1635 380 1720 ibique
412 1635 508 1700 iacuit
528 1637 682 1720 sepultum
703 1657 801 1722 usque
822 1637 864 1698 ad
886 1657 1006 1700 annum
1027 1636 1154 1699 Domini
1173 1635 1371 1699 mcccxcriii.

275 1744 365 1807 Tune
385 1742 529 1807 Albertua
550 1745 601 1807 xxi
622 1764 727 1808 comes
749 1745 955 1819 Hollaudiae‚
978 1745 1044 1808 eius
1064 1765 1102 1807 ex
1123 1765 1228 1808 sorore
1247 1764 1368 1826 nepos,

276 1853 403 1916 abstulit
424 1872 539 1935 eorpus
561 1853 682 1914 comilis
703 1852 851 1915 avunculi
873 1853 938 1926 sui,
963 1863 992 1916 et
1014 1852 1152 1936 sepelivit
1173 1853 1246 1918 illud
1266 1853 1374 1936 Μ’).

276 1963 369 2024 Hunc
398 1960 545 2024 comitem
574 1981 593 2023 a
624 1959 802 2024 Frisouibus
831 1961 1079 2026 interficiendum
1111 1963 1262 2048 praedixit
1295 1962 1379 2026 Rei·

275 2068 387 2134 ualdus
428 2090 534 2134 comes
579 2070 700 2135 Gelriae
730 2091 802 2135 cum
834 2091 904 2134 eum
939 2071 979 2134 de
1009 2093 1099 2136 sacro
1130 2073 1217 2136 sonte
1247 2073 1379 2138 levaret.

275 2179 383 2245 Refert
414 2178 521 2242 Petrus
550 2178 636 2263 prior
663 2179 885 2244 Florieslransis
905 2181 1107 2255 monasterii,
1142 2182 1258 2245 ordinis
1279 2183 1380 2246 Prae·

277 2287 531 2360 monstroledus,
575 2287 707 2350 diocesis
739 2289 935 2362 Leodiensis‚
977 2291 1010 2352 in
1042 2291 1233 2374 compendio
1265 2291 1380 2354 oroni-

276 2416 405 2467 carum‚
439 2393 530 2477 quod
561 2393 626 2475 ipse
657 2393 768 2457 eodem
800 2416 901 2469 anno,
936 2419 1001 2480 quo
1023 2419 1128 2462 comas
1149 2397 1377 2462 Wilhalmusa

276 2499 451 2567 Frisonibus
479 2501 580 2565 fuerat
610 2502 811 2577 interfectus,
846 2503 1049 2591 interrogavit
1070 2507 1229 2591 quendam
1251 2505 1380 2592 religio-

275 2631 343 2674 sum
372 2630 410 2674 ax
431 2609 524 2673 Frisia
544 2621 672 2674 euntem
694 2611 736 2674 ad
758 2613 928 2697 capitulum
949 2617 1114 2701 generale,
1152 2616 1233 2700 quid
1253 2616 1381 2680 laetum

255 2729 352 2785 ¹asset
381 2720 422 2782 da
452 2719 568 2784 comita
601 2720 799 2786 llollandiae.
843 2720 904 2803 Qui
936 2724 1099 2808 respondit
1122 2725 1212 2810 quod
1233 2736 1381 2789 mortuus

274 2839 341 2894 erat
380 2829 681 2918 excommunicatus.
736 2830 921 2917 Adiungens
964 2832 1057 2896 talem
1091 2834 1379 2898 excommunicati·

274 2937 346 3003 onis
376 2957 522 3026 musam,
569 2937 645 3021 quia
677 2937 818 3002 videlicet
849 2941 1088 3026 impugnaverat
1120 2943 1282 3016 Frisoues,
1320 2944 1379 3029 qui

213 3129 217 3137 Ι
273 3046 360 3111 liberi
390 3055 483 3121 sunt,
516 3043 667 3108 habentes
696 3047 908 3132 privilegium,
941 3052 1031 3134 quod
1053 3073 1163 3115 omnes
1185 3071 1292 3116 eorum
1316 3055 1380 3117 im-

273 3163 456 3241 pugnantes
485 3153 660 3218 libartalem
690 3165 760 3218 suut
791 3158 963 3241 apostolica
984 3161 1171 3224 auctoritate
1191 3183 1378 3228 exeommu-

273 3263 380 3327 nicati.
414 3261 507 3326 Cuius
527 3263 676 3347 privilegii
699 3275 788 3328 tenor
810 3267 878 3329 talis
898 3276 952 3331 est.
984 3267 1114 3333 Carolus
1132 3271 1235 3334 divina
1253 3273 1378 3337 favente

273 3369 440 3438 clementia
462 3371 682 3434 Romanorum
704 3372 887 3457 imperator,
912 3387 973 3440 elo.
1016 3379 1103 3442 llaec
1124 3381 1174 3443 ille
1196 3379 1249 3444 ubi
1269 3403 1373 3466 supra.

272 3480 325 3543 Est
356 3488 462 3542 tamen
496 3479 696 3556 notandum,
734 3482 823 3566 quod
856 3483 1015 3568 principes
1035 3486 1261 3572 impugnantes
1282 3490 1376 3555 liber·

272 3597 370 3653 tatem
405 3587 568 3651 Frisonum
602 3610 620 3651 a
653 3589 768 3655 Carolo
801 3613 916 3677 magno
948 3596 1020 3677 ipsis
1041 3596 1166 3672 datam,
1202 3599 1376 3663 secundum

272 3710 414 3762 tenorem
443 3697 593 3782 privilegii
625 3697 718 3781 ipsius
751 3699 869 3777 Caroli,
906 3701 974 3786 ipso
996 3703 1083 3768 facto
1105 3707 1375 3772 excommunicati

274 3828 343 3871 non
375 3814 469 3880 sunt,
502 3805 555 3868 sed
587 3827 607 3868 a
637 3807 792 3890 poulilice
825 3811 963 3874 maximo
994 3817 1294 3880 excommunicandi
1306 3786 1334 3892 ‚x
1351 3817 1377 3879 si

274 3926 378 3980 tamen
408 3914 549 3978 Frisones
580 3915 764 3998 gravamina
797 3929 910 3982 eontra
944 3921 1117 3986 libertatem
1138 3923 1210 4009 ipsis
1231 3925 1318 3990 illata
1339 3926 1371 3988 in

275 4083 425 4100 m

308 4181 356 4267 β)
393 4181 504 4234 Nomen
531 4185 560 4234 in
585 4158 781 4250 antiquissimo
805 4190 957 4256 exemplari
976 4193 1120 4260 omissum,
1148 4197 1178 4247 in
1197 4197 1262 4248 aliis
1283 4195 1374 4250 MSS.

275 4275 388 4332 additur
406 4275 560 4343 Egmondt,
581 4277 611 4326 in
629 4277 692 4331 aliia
710 4280 868 4332 Hannonia
891 4283 1072 4340 Valencenis.
