<?xml version="1.0" encoding="UTF-8"?>
<!DOCTYPE html PUBLIC "-//W3C//DTD XHTML 1.0 Transitional//EN"
    "http://www.w3.org/TR/xhtml1/DTD/xhtml1-transitional.dtd">
<html xmlns="http://www.w3.org/1999/xhtml" xml:lang="en" lang="en">
 <head>
  <title>
</title>
<meta http-equiv="Content-Type" content="text/html;charset=utf-8" />
  <meta name='ocr-system' content='tesseract 3.04.00' />
  <meta name='ocr-capabilities' content='ocr_page ocr_carea ocr_par ocr_line ocrx_word'/>
</head>
<body>
  <div class='ocr_page' id='page_1' title='image "./worperityaerdae00worpgoog_0096.png"; bbox 0 0 2950 5144; ppageno 0'>
   <div class='ocr_carea' id='block_1_1' title="bbox 295 467 958 547">
    <p class='ocr_par' dir='ltr' id='par_1_1' title="bbox 295 467 958 547">
     <span class='ocr_line' id='line_1_1' title="bbox 295 467 958 547; baseline -0.011 0"><span class='ocrx_word' id='word_1_1' title='bbox 295 481 339 547; x_wconf 76' lang='lat' dir='ltr'><strong>st</strong></span> <span class='ocrx_word' id='word_1_2' title='bbox 734 467 958 542; x_wconf 66' lang='lat' dir='ltr'><strong>Woltttnltl</strong></span> 
     </span>
    </p>
   </div>
   <div class='ocr_carea' id='block_1_2' title="bbox 296 636 1432 3723">
    <p class='ocr_par' dir='ltr' id='par_1_2' title="bbox 296 636 1432 3723">
     <span class='ocr_line' id='line_1_2' title="bbox 296 636 1404 730; baseline -0.011 -18"><span class='ocrx_word' id='word_1_3' title='bbox 296 654 421 712; x_wconf 86' lang='lat' dir='ltr'><strong>sanctus</strong></span> <span class='ocrx_word' id='word_1_4' title='bbox 442 644 600 730; x_wconf 79' lang='lat' dir='ltr'><strong>ludgerus</strong></span> <span class='ocrx_word' id='word_1_5' title='bbox 621 663 693 709; x_wconf 86' lang='lat' dir='ltr'><strong>oum</strong></span> <span class='ocrx_word' id='word_1_6' title='bbox 718 643 884 710; x_wconf 72' lang='lat' dir='ltr'><strong>comitibus</strong></span> <span class='ocrx_word' id='word_1_7' title='bbox 904 643 965 708; x_wconf 89' lang='lat' dir='ltr'><strong>suis</strong></span> <span class='ocrx_word' id='word_1_8' title='bbox 989 640 1029 705; x_wconf 90' lang='lat' dir='ltr'><strong>de</strong></span> <span class='ocrx_word' id='word_1_9' title='bbox 1050 639 1155 704; x_wconf 83' lang='lat' dir='ltr'><strong>Roma</strong></span> <span class='ocrx_word' id='word_1_10' title='bbox 1175 636 1404 723; x_wconf 78' lang='lat' dir='ltr'><strong>progrediens,</strong></span> 
     </span>
     <span class='ocr_line' id='line_1_3' title="bbox 297 745 1408 822; baseline -0.013 0"><span class='ocrx_word' id='word_1_11' title='bbox 297 754 417 821; x_wconf 81' lang='lat' dir='ltr'><strong>secessit</strong></span> <span class='ocrx_word' id='word_1_12' title='bbox 450 752 661 817; x_wconf 81' lang='lat' dir='ltr'><strong>Beneventum</strong></span> <span class='ocrx_word' id='word_1_13' title='bbox 694 752 728 816; x_wconf 93' lang='lat' dir='ltr'><strong>in</strong></span> <span class='ocrx_word' id='word_1_14' title='bbox 759 762 904 818; x_wconf 89' lang='lat' dir='ltr'><strong>montem</strong></span> <span class='ocrx_word' id='word_1_15' title='bbox 934 747 1125 822; x_wconf 83' lang='lat' dir='ltr'><strong>Gassinium.</strong></span> <span class='ocrx_word' id='word_1_16' title='bbox 1161 745 1205 810; x_wconf 86' lang='lat' dir='ltr'><strong>ad</strong></span> <span class='ocrx_word' id='word_1_17' title='bbox 1237 753 1408 810; x_wconf 86' lang='lat' dir='ltr'><strong>monaste·</strong></span> 
     </span>
     <span class='ocr_line' id='line_1_4' title="bbox 297 847 1410 946; baseline -0.01 -19"><span class='ocrx_word' id='word_1_18' title='bbox 297 866 377 927; x_wconf 85' lang='lat' dir='ltr'><strong>rium</strong></span> <span class='ocrx_word' id='word_1_19' title='bbox 409 861 512 925; x_wconf 86' lang='lat' dir='ltr'><strong>saneti</strong></span> <span class='ocrx_word' id='word_1_20' title='bbox 545 857 723 925; x_wconf 72' lang='lat' dir='ltr'>Benedicti.</span> <span class='ocrx_word' id='word_1_21' title='bbox 766 860 804 924; x_wconf 89' lang='lat' dir='ltr'><strong>Et</strong></span> <span class='ocrx_word' id='word_1_22' title='bbox 838 864 914 946; x_wconf 88' lang='lat' dir='ltr'><strong>quia</strong></span> <span class='ocrx_word' id='word_1_23' title='bbox 936 847 1021 920; x_wconf 84' lang='lat' dir='ltr'><strong>illius</strong></span> <span class='ocrx_word' id='word_1_24' title='bbox 1035 865 1113 920; x_wconf 89' lang='lat' dir='ltr'><strong>tuno</strong></span> <span class='ocrx_word' id='word_1_25' title='bbox 1134 852 1197 918; x_wconf 91' lang='lat' dir='ltr'><strong>looi</strong></span> <span class='ocrx_word' id='word_1_26' title='bbox 1220 851 1320 917; x_wconf 90' lang='lat' dir='ltr'><strong>abbas</strong></span> <span class='ocrx_word' id='word_1_27' title='bbox 1341 871 1410 916; x_wconf 89' lang='lat' dir='ltr'><strong>no·</strong></span> 
     </span>
     <span class='ocr_line' id='line_1_5' title="bbox 297 960 1410 1047; baseline -0.012 -11"><span class='ocrx_word' id='word_1_28' title='bbox 297 971 383 1036; x_wconf 89' lang='lat' dir='ltr'><strong>mine</strong></span> <span class='ocrx_word' id='word_1_29' title='bbox 404 968 582 1034; x_wconf 86' lang='lat' dir='ltr'><strong>Dithmarus</strong></span> <span class='ocrx_word' id='word_1_30' title='bbox 602 988 641 1032; x_wconf 84' lang='lat' dir='ltr'><strong>ex</strong></span> <span class='ocrx_word' id='word_1_31' title='bbox 662 967 756 1032; x_wconf 84' lang='lat' dir='ltr'><strong>Frisia</strong></span> <span class='ocrx_word' id='word_1_32' title='bbox 778 965 931 1031; x_wconf 88' lang='lat' dir='ltr'><strong>oriundus</strong></span> <span class='ocrx_word' id='word_1_33' title='bbox 951 962 1036 1028; x_wconf 86' lang='lat' dir='ltr'><strong>beati</strong></span> <span class='ocrx_word' id='word_1_34' title='bbox 1051 960 1187 1047; x_wconf 78' lang='lat' dir='ltr'><strong>Ludgeri</strong></span> <span class='ocrx_word' id='word_1_35' title='bbox 1206 961 1410 1045; x_wconf 81' lang='lat' dir='ltr'><strong>propinquus</strong></span> 
     </span>
     <span class='ocr_line' id='line_1_6' title="bbox 298 1070 1405 1154; baseline -0.013 -9"><span class='ocrx_word' id='word_1_36' title='bbox 298 1088 383 1151; x_wconf 86' lang='lat' dir='ltr'><strong>erat,</strong></span> <span class='ocrx_word' id='word_1_37' title='bbox 406 1076 527 1142; x_wconf 89' lang='lat' dir='ltr'><strong>idoiroo</strong></span> <span class='ocrx_word' id='word_1_38' title='bbox 549 1095 621 1140; x_wconf 88' lang='lat' dir='ltr'><strong>oum</strong></span> <span class='ocrx_word' id='word_1_39' title='bbox 638 1075 750 1139; x_wconf 91' lang='lat' dir='ltr'><strong>maiori</strong></span> <span class='ocrx_word' id='word_1_40' title='bbox 771 1073 968 1140; x_wconf 74' lang='lat' dir='ltr'><strong>humanitate</strong></span> <span class='ocrx_word' id='word_1_41' title='bbox 988 1070 1151 1137; x_wconf 77' lang='lat' dir='ltr'><strong>ethonore</strong></span> <span class='ocrx_word' id='word_1_42' title='bbox 1168 1077 1329 1154; x_wconf 79' lang='lat' dir='ltr'><strong>sruoeplus</strong></span> <span class='ocrx_word' id='word_1_43' title='bbox 1338 1077 1405 1143; x_wconf 83' lang='lat' dir='ltr'><strong>est,</strong></span> 
     </span>
     <span class='ocr_line' id='line_1_7' title="bbox 296 1175 1407 1250; baseline -0.007 0"><span class='ocrx_word' id='word_1_44' title='bbox 296 1197 328 1250; x_wconf 86' lang='lat' dir='ltr'><strong>et</strong></span> <span class='ocrx_word' id='word_1_45' title='bbox 358 1185 474 1249; x_wconf 87' lang='lat' dir='ltr'><strong>mansit</strong></span> <span class='ocrx_word' id='word_1_46' title='bbox 493 1185 528 1248; x_wconf 90' lang='lat' dir='ltr'><strong>in</strong></span> <span class='ocrx_word' id='word_1_47' title='bbox 548 1183 661 1248; x_wconf 90' lang='lat' dir='ltr'><strong>eodem</strong></span> <span class='ocrx_word' id='word_1_48' title='bbox 682 1183 875 1248; x_wconf 87' lang='lat' dir='ltr'><strong>monasterio</strong></span> <span class='ocrx_word' id='word_1_49' title='bbox 897 1181 991 1245; x_wconf 88' lang='lat' dir='ltr'><strong>annis</strong></span> <span class='ocrx_word' id='word_1_50' title='bbox 1010 1177 1136 1244; x_wconf 91' lang='lat' dir='ltr'><strong>duobus</strong></span> <span class='ocrx_word' id='word_1_51' title='bbox 1156 1197 1230 1243; x_wconf 89' lang='lat' dir='ltr'><strong>oum</strong></span> <span class='ocrx_word' id='word_1_52' title='bbox 1253 1175 1407 1242; x_wconf 82' lang='lat' dir='ltr'><strong>demidio.</strong></span> 
     </span>
     <span class='ocr_line' id='line_1_8' title="bbox 298 1282 1408 1378; baseline -0.009 -20"><span class='ocrx_word' id='word_1_53' title='bbox 298 1295 337 1358; x_wconf 93' lang='lat' dir='ltr'><strong>ln</strong></span> <span class='ocrx_word' id='word_1_54' title='bbox 359 1314 426 1378; x_wconf 87' lang='lat' dir='ltr'><strong>quo</strong></span> <span class='ocrx_word' id='word_1_55' title='bbox 448 1313 511 1356; x_wconf 87' lang='lat' dir='ltr'><strong>neo</strong></span> <span class='ocrx_word' id='word_1_56' title='bbox 530 1312 624 1377; x_wconf 83' lang='lat' dir='ltr'><strong>grave</strong></span> <span class='ocrx_word' id='word_1_57' title='bbox 644 1291 741 1355; x_wconf 90' lang='lat' dir='ltr'><strong>ullum</strong></span> <span class='ocrx_word' id='word_1_58' title='bbox 764 1301 819 1356; x_wconf 91' lang='lat' dir='ltr'><strong>aut</strong></span> <span class='ocrx_word' id='word_1_59' title='bbox 839 1291 1031 1363; x_wconf 80' lang='lat' dir='ltr'><strong>maximum,</strong></span> <span class='ocrx_word' id='word_1_60' title='bbox 1063 1297 1118 1351; x_wconf 88' lang='lat' dir='ltr'><strong>aut</strong></span> <span class='ocrx_word' id='word_1_61' title='bbox 1137 1286 1302 1350; x_wconf 82' lang='lat' dir='ltr'><strong>minimum</strong></span> <span class='ocrx_word' id='word_1_62' title='bbox 1332 1282 1408 1348; x_wconf 87' lang='lat' dir='ltr'><strong>reli·</strong></span> 
     </span>
     <span class='ocr_line' id='line_1_9' title="bbox 299 1389 1408 1487; baseline -0.011 -21"><span class='ocrx_word' id='word_1_63' title='bbox 299 1403 368 1487; x_wconf 89' lang='lat' dir='ltr'><strong>quit</strong></span> <span class='ocrx_word' id='word_1_64' title='bbox 389 1401 597 1474; x_wconf 82' lang='lat' dir='ltr'><strong>intentatum,</strong></span> <span class='ocrx_word' id='word_1_65' title='bbox 611 1399 718 1464; x_wconf 86' lang='lat' dir='ltr'><strong>donee</strong></span> <span class='ocrx_word' id='word_1_66' title='bbox 738 1401 772 1464; x_wconf 90' lang='lat' dir='ltr'><strong>in</strong></span> <span class='ocrx_word' id='word_1_67' title='bbox 794 1397 943 1464; x_wconf 90' lang='lat' dir='ltr'><strong>omnibus</strong></span> <span class='ocrx_word' id='word_1_68' title='bbox 964 1397 1043 1462; x_wconf 90' lang='lat' dir='ltr'><strong>illius</strong></span> <span class='ocrx_word' id='word_1_69' title='bbox 1063 1395 1184 1460; x_wconf 81' lang='lat' dir='ltr'><strong>ordinis</strong></span> <span class='ocrx_word' id='word_1_70' title='bbox 1199 1389 1408 1458; x_wconf 72' lang='lat' dir='ltr'><strong>observantiis</strong></span> 
     </span>
     <span class='ocr_line' id='line_1_10' title="bbox 299 1503 1406 1592; baseline -0.01 -17"><span class='ocrx_word' id='word_1_71' title='bbox 299 1529 340 1575; x_wconf 89' lang='lat' dir='ltr'><strong>ao</strong></span> <span class='ocrx_word' id='word_1_72' title='bbox 379 1506 565 1572; x_wconf 84' lang='lat' dir='ltr'><strong>ceremoniis</strong></span> <span class='ocrx_word' id='word_1_73' title='bbox 593 1507 741 1592; x_wconf 78' lang='lat' dir='ltr'><strong>regularis</strong></span> <span class='ocrx_word' id='word_1_74' title='bbox 771 1507 853 1572; x_wconf 82' lang='lat' dir='ltr'><strong>vitre</strong></span> <span class='ocrx_word' id='word_1_75' title='bbox 885 1507 927 1570; x_wconf 90' lang='lat' dir='ltr'><strong>ad</strong></span> <span class='ocrx_word' id='word_1_76' title='bbox 954 1507 1084 1590; x_wconf 85' lang='lat' dir='ltr'><strong>plenum</strong></span> <span class='ocrx_word' id='word_1_77' title='bbox 1115 1512 1192 1568; x_wconf 86' lang='lat' dir='ltr'><strong>esset</strong></span> <span class='ocrx_word' id='word_1_78' title='bbox 1222 1503 1406 1566; x_wconf 83' lang='lat' dir='ltr'><strong>instmotus.</strong></span> 
     </span>
     <span class='ocr_line' id='line_1_11' title="bbox 298 1606 1404 1698; baseline -0.006 -20"><span class='ocrx_word' id='word_1_79' title='bbox 298 1615 430 1679; x_wconf 76' lang='lat' dir='ltr'><strong>Interim</strong></span> <span class='ocrx_word' id='word_1_80' title='bbox 460 1611 538 1676; x_wconf 89' lang='lat' dir='ltr'><strong>dum</strong></span> <span class='ocrx_word' id='word_1_81' title='bbox 569 1612 727 1698; x_wconf 74' lang='lat' dir='ltr'><strong>ludgerus</strong></span> <span class='ocrx_word' id='word_1_82' title='bbox 757 1623 835 1677; x_wconf 89' lang='lat' dir='ltr'><strong>esset</strong></span> <span class='ocrx_word' id='word_1_83' title='bbox 869 1611 955 1697; x_wconf 83' lang='lat' dir='ltr'><strong>apud</strong></span> <span class='ocrx_word' id='word_1_84' title='bbox 985 1609 1161 1676; x_wconf 84' lang='lat' dir='ltr'><strong>monachos</strong></span> <span class='ocrx_word' id='word_1_85' title='bbox 1191 1606 1404 1681; x_wconf 65' lang='lat' dir='ltr'><strong>(laminensis,</strong></span> 
     </span>
     <span class='ocr_line' id='line_1_12' title="bbox 299 1716 1408 1806; baseline -0.005 -20"><span class='ocrx_word' id='word_1_86' title='bbox 299 1720 452 1806; x_wconf 80' lang='lat' dir='ltr'><strong>contigit,</strong></span> <span class='ocrx_word' id='word_1_87' title='bbox 485 1718 633 1784; x_wconf 81' lang='lat' dir='ltr'><strong>Carnium</strong></span> <span class='ocrx_word' id='word_1_88' title='bbox 654 1721 874 1805; x_wconf 77' lang='lat' dir='ltr'><strong>imperatorem</strong></span> <span class='ocrx_word' id='word_1_89' title='bbox 896 1719 1057 1786; x_wconf 78' lang='lat' dir='ltr'><strong>debellatis</strong></span> <span class='ocrx_word' id='word_1_90' title='bbox 1077 1718 1274 1793; x_wconf 75' lang='lat' dir='ltr'><strong>Senonibus,</strong></span> <span class='ocrx_word' id='word_1_91' title='bbox 1298 1716 1408 1782; x_wconf 86' lang='lat' dir='ltr'><strong>omni·</strong></span> 
     </span>
     <span class='ocr_line' id='line_1_13' title="bbox 298 1825 1405 1915; baseline -0.006 -19"><span class='ocrx_word' id='word_1_92' title='bbox 298 1831 422 1915; x_wconf 88' lang='lat' dir='ltr'><strong>bosque</strong></span> <span class='ocrx_word' id='word_1_93' title='bbox 442 1826 625 1892; x_wconf 87' lang='lat' dir='ltr'><strong>Christianis</strong></span> <span class='ocrx_word' id='word_1_94' title='bbox 648 1827 842 1910; x_wconf 87' lang='lat' dir='ltr'><strong>(infidelibus</strong></span> <span class='ocrx_word' id='word_1_95' title='bbox 863 1827 1009 1912; x_wconf 84' lang='lat' dir='ltr'><strong>expulsis)</strong></span> <span class='ocrx_word' id='word_1_96' title='bbox 1033 1827 1074 1891; x_wconf 89' lang='lat' dir='ltr'><strong>ad</strong></span> <span class='ocrx_word' id='word_1_97' title='bbox 1096 1825 1226 1912; x_wconf 86' lang='lat' dir='ltr'><strong>propria</strong></span> <span class='ocrx_word' id='word_1_98' title='bbox 1245 1825 1405 1899; x_wconf 81' lang='lat' dir='ltr'><strong>reductis,</strong></span> 
     </span>
     <span class='ocr_line' id='line_1_14' title="bbox 298 1933 1408 2022; baseline -0.003 -20"><span class='ocrx_word' id='word_1_99' title='bbox 298 1941 333 2002; x_wconf 92' lang='lat' dir='ltr'><strong>in</strong></span> <span class='ocrx_word' id='word_1_100' title='bbox 356 1958 393 2002; x_wconf 92' lang='lat' dir='ltr'><strong>ea</strong></span> <span class='ocrx_word' id='word_1_101' title='bbox 415 1936 611 2000; x_wconf 82' lang='lat' dir='ltr'><strong>Francorum</strong></span> <span class='ocrx_word' id='word_1_102' title='bbox 632 1936 780 2020; x_wconf 82' lang='lat' dir='ltr'><strong>regione,</strong></span> <span class='ocrx_word' id='word_1_103' title='bbox 794 1957 879 2022; x_wconf 89' lang='lat' dir='ltr'><strong>quae</strong></span> <span class='ocrx_word' id='word_1_104' title='bbox 899 1935 1011 2000; x_wconf 80' lang='lat' dir='ltr'><strong>l&#39;risiae</strong></span> <span class='ocrx_word' id='word_1_105' title='bbox 1030 1945 1076 2000; x_wconf 88' lang='lat' dir='ltr'><strong>est</strong></span> <span class='ocrx_word' id='word_1_106' title='bbox 1096 1933 1265 2018; x_wconf 80' lang='lat' dir='ltr'><strong>contigua,</strong></span> <span class='ocrx_word' id='word_1_107' title='bbox 1287 1935 1408 1999; x_wconf 82' lang='lat' dir='ltr'><strong>consis-</strong></span> 
     </span>
     <span class='ocr_line' id='line_1_15' title="bbox 300 2038 1406 2129; baseline -0.002 -19"><span class='ocrx_word' id='word_1_108' title='bbox 300 2055 374 2112; x_wconf 84' lang='lat' dir='ltr'><strong>tere.</strong></span> <span class='ocrx_word' id='word_1_109' title='bbox 420 2043 476 2108; x_wconf 87' lang='lat' dir='ltr'><strong>Ubi</strong></span> <span class='ocrx_word' id='word_1_110' title='bbox 497 2063 573 2108; x_wconf 87' lang='lat' dir='ltr'><strong>cum</strong></span> <span class='ocrx_word' id='word_1_111' title='bbox 591 2042 748 2120; x_wconf 66' lang='lat' dir='ltr'><strong>dlouino,</strong></span> <span class='ocrx_word' id='word_1_112' title='bbox 771 2049 827 2129; x_wconf 86' lang='lat' dir='ltr'><strong>qui</strong></span> <span class='ocrx_word' id='word_1_113' title='bbox 850 2055 925 2109; x_wconf 83' lang='lat' dir='ltr'><strong>tuno</strong></span> <span class='ocrx_word' id='word_1_114' title='bbox 944 2055 982 2108; x_wconf 77' lang='lat' dir='ltr'><strong>e&#39;x</strong></span> <span class='ocrx_word' id='word_1_115' title='bbox 1003 2041 1118 2128; x_wconf 77' lang='lat' dir='ltr'><strong>Anglia</strong></span> <span class='ocrx_word' id='word_1_116' title='bbox 1139 2038 1181 2105; x_wconf 92' lang='lat' dir='ltr'><strong>ad</strong></span> <span class='ocrx_word' id='word_1_117' title='bbox 1202 2039 1350 2107; x_wconf 85' lang='lat' dir='ltr'><strong>Cerolum</strong></span> <span class='ocrx_word' id='word_1_118' title='bbox 1372 2043 1406 2108; x_wconf 92' lang='lat' dir='ltr'><strong>in</strong></span> 
     </span>
     <span class='ocr_line' id='line_1_16' title="bbox 297 2149 1407 2236; baseline -0.004 -16"><span class='ocrx_word' id='word_1_119' title='bbox 297 2153 467 2221; x_wconf 78' lang='lat' dir='ltr'><strong>Franciam</strong></span> <span class='ocrx_word' id='word_1_120' title='bbox 497 2160 626 2220; x_wconf 79' lang='lat' dir='ltr'><strong>venerat</strong></span> <span class='ocrx_word' id='word_1_121' title='bbox 657 2151 698 2216; x_wconf 91' lang='lat' dir='ltr'><strong>de</strong></span> <span class='ocrx_word' id='word_1_122' title='bbox 729 2152 876 2236; x_wconf 82' lang='lat' dir='ltr'><strong>praelatis</strong></span> <span class='ocrx_word' id='word_1_123' title='bbox 895 2152 941 2216; x_wconf 88' lang='lat' dir='ltr'><strong>sui</strong></span> <span class='ocrx_word' id='word_1_124' title='bbox 962 2150 1051 2236; x_wconf 81' lang='lat' dir='ltr'><strong>regni</strong></span> <span class='ocrx_word' id='word_1_125' title='bbox 1071 2149 1166 2216; x_wconf 82' lang='lat' dir='ltr'><strong>verba</strong></span> <span class='ocrx_word' id='word_1_126' title='bbox 1187 2149 1328 2227; x_wconf 85' lang='lat' dir='ltr'><strong>laoiens,</strong></span> <span class='ocrx_word' id='word_1_127' title='bbox 1351 2153 1407 2216; x_wconf 76' lang='lat' dir='ltr'><strong>Al·</strong></span> 
     </span>
     <span class='ocr_line' id='line_1_17' title="bbox 300 2257 1407 2346; baseline -0.005 -19"><span class='ocrx_word' id='word_1_128' title='bbox 300 2262 413 2327; x_wconf 90' lang='lat' dir='ltr'><strong>ouinus</strong></span> <span class='ocrx_word' id='word_1_129' title='bbox 442 2258 639 2345; x_wconf 79' lang='lat' dir='ltr'><strong>ludgerum,</strong></span> <span class='ocrx_word' id='word_1_130' title='bbox 683 2259 759 2324; x_wconf 90' lang='lat' dir='ltr'><strong>olim</strong></span> <span class='ocrx_word' id='word_1_131' title='bbox 801 2257 989 2344; x_wconf 87' lang='lat' dir='ltr'><strong>discipulum</strong></span> <span class='ocrx_word' id='word_1_132' title='bbox 1017 2279 1129 2333; x_wconf 83' lang='lat' dir='ltr'><strong>suum,</strong></span> <span class='ocrx_word' id='word_1_133' title='bbox 1168 2258 1267 2342; x_wconf 89' lang='lat' dir='ltr'><strong>apud</strong></span> <span class='ocrx_word' id='word_1_134' title='bbox 1287 2259 1407 2346; x_wconf 81' lang='lat' dir='ltr'><strong>regiam</strong></span> 
     </span>
     <span class='ocr_line' id='line_1_18' title="bbox 299 2365 1432 2446; baseline -0.004 -12"><span class='ocrx_word' id='word_1_135' title='bbox 299 2369 492 2434; x_wconf 85' lang='lat' dir='ltr'><strong>maiestatem</strong></span> <span class='ocrx_word' id='word_1_136' title='bbox 511 2366 631 2430; x_wconf 89' lang='lat' dir='ltr'><strong>studuit</strong></span> <span class='ocrx_word' id='word_1_137' title='bbox 652 2365 889 2432; x_wconf 84' lang='lat' dir='ltr'><strong>commendare.</strong></span> <span class='ocrx_word' id='word_1_138' title='bbox 923 2366 985 2446; x_wconf 89' lang='lat' dir='ltr'><strong>Qui</strong></span> <span class='ocrx_word' id='word_1_139' title='bbox 1006 2367 1158 2432; x_wconf 83' lang='lat' dir='ltr'><strong>continuo</strong></span> <span class='ocrx_word' id='word_1_140' title='bbox 1178 2366 1277 2430; x_wconf 88' lang='lat' dir='ltr'><strong>missis</strong></span> <span class='ocrx_word' id='word_1_141' title='bbox 1286 2367 1409 2431; x_wconf 88' lang='lat' dir='ltr'><strong>nuntiis</strong></span> <span class='ocrx_word' id='word_1_142' title='bbox 1427 2404 1432 2410; x_wconf 92' lang='lat'><em>-</em></span> 
     </span>
     <span class='ocr_line' id='line_1_19' title="bbox 298 2459 1408 2560; baseline 0 -22"><span class='ocrx_word' id='word_1_143' title='bbox 298 2474 538 2547; x_wconf 83' lang='lat' dir='ltr'><strong>Beneventum,</strong></span> <span class='ocrx_word' id='word_1_144' title='bbox 573 2493 645 2537; x_wconf 88' lang='lat' dir='ltr'><strong>eum</strong></span> <span class='ocrx_word' id='word_1_145' title='bbox 667 2459 710 2538; x_wconf 87' lang='lat' dir='ltr'><strong>ad</strong></span> <span class='ocrx_word' id='word_1_146' title='bbox 731 2492 763 2535; x_wconf 87' lang='lat' dir='ltr'><strong>se</strong></span> <span class='ocrx_word' id='word_1_147' title='bbox 785 2475 892 2538; x_wconf 86' lang='lat' dir='ltr'><strong>venire</strong></span> <span class='ocrx_word' id='word_1_148' title='bbox 912 2472 1089 2542; x_wconf 85' lang='lat' dir='ltr'><strong>mandavit.</strong></span> <span class='ocrx_word' id='word_1_149' title='bbox 1131 2473 1224 2538; x_wconf 87' lang='lat' dir='ltr'><strong>Unde</strong></span> <span class='ocrx_word' id='word_1_150' title='bbox 1246 2474 1408 2560; x_wconf 76' lang='lat' dir='ltr'><strong>ludgerus</strong></span> 
     </span>
     <span class='ocr_line' id='line_1_20' title="bbox 300 2578 1408 2667; baseline 0.004 -23"><span class='ocrx_word' id='word_1_151' title='bbox 300 2580 481 2648; x_wconf 83' lang='lat' dir='ltr'><strong>valedicens</strong></span> <span class='ocrx_word' id='word_1_152' title='bbox 501 2578 668 2655; x_wconf 81' lang='lat' dir='ltr'><strong>fratribus,</strong></span> <span class='ocrx_word' id='word_1_153' title='bbox 693 2580 925 2667; x_wconf 80' lang='lat' dir='ltr'><strong>Aquisgranum</strong></span> <span class='ocrx_word' id='word_1_154' title='bbox 946 2582 1106 2666; x_wconf 83' lang='lat' dir='ltr'><strong>pervenit,</strong></span> <span class='ocrx_word' id='word_1_155' title='bbox 1130 2580 1185 2648; x_wconf 89' lang='lat' dir='ltr'><strong>ubi</strong></span> <span class='ocrx_word' id='word_1_156' title='bbox 1205 2581 1247 2646; x_wconf 88' lang='lat' dir='ltr'><strong>ab</strong></span> <span class='ocrx_word' id='word_1_157' title='bbox 1267 2583 1408 2650; x_wconf 81' lang='lat' dir='ltr'><strong>Alouino</strong></span> 
     </span>
     <span class='ocr_line' id='line_1_21' title="bbox 299 2688 1411 2778; baseline 0.002 -26"><span class='ocrx_word' id='word_1_158' title='bbox 299 2690 462 2756; x_wconf 82' lang='lat' dir='ltr'><strong>laetissime</strong></span> <span class='ocrx_word' id='word_1_159' title='bbox 499 2700 545 2756; x_wconf 87' lang='lat' dir='ltr'><strong>est</strong></span> <span class='ocrx_word' id='word_1_160' title='bbox 585 2699 754 2775; x_wconf 80' lang='lat' dir='ltr'><strong>exeeptus,</strong></span> <span class='ocrx_word' id='word_1_161' title='bbox 800 2700 832 2754; x_wconf 89' lang='lat' dir='ltr'><strong>et</strong></span> <span class='ocrx_word' id='word_1_162' title='bbox 864 2688 977 2756; x_wconf 85' lang='lat' dir='ltr'><strong>deinde</strong></span> <span class='ocrx_word' id='word_1_163' title='bbox 1010 2689 1054 2755; x_wconf 89' lang='lat' dir='ltr'><strong>ad</strong></span> <span class='ocrx_word' id='word_1_164' title='bbox 1086 2700 1292 2775; x_wconf 80' lang='lat' dir='ltr'><strong>conspectum</strong></span> <span class='ocrx_word' id='word_1_165' title='bbox 1327 2693 1411 2778; x_wconf 77' lang='lat' dir='ltr'><strong>regis</strong></span> 
     </span>
     <span class='ocr_line' id='line_1_22' title="bbox 300 2797 1411 2884; baseline -0.001 -18"><span class='ocrx_word' id='word_1_166' title='bbox 300 2797 405 2866; x_wconf 81' lang='lat' dir='ltr'><strong>Caroli</strong></span> <span class='ocrx_word' id='word_1_167' title='bbox 434 2798 558 2864; x_wconf 87' lang='lat' dir='ltr'><strong>ductus.</strong></span> <span class='ocrx_word' id='word_1_168' title='bbox 602 2797 704 2879; x_wconf 88' lang='lat' dir='ltr'><strong>Quem</strong></span> <span class='ocrx_word' id='word_1_169' title='bbox 736 2819 809 2864; x_wconf 88' lang='lat' dir='ltr'><strong>cum</strong></span> <span class='ocrx_word' id='word_1_170' title='bbox 841 2798 913 2864; x_wconf 86' lang='lat' dir='ltr'><strong>Pius</strong></span> <span class='ocrx_word' id='word_1_171' title='bbox 944 2818 999 2864; x_wconf 82' lang='lat' dir='ltr'><strong>rex</strong></span> <span class='ocrx_word' id='word_1_172' title='bbox 1033 2797 1069 2862; x_wconf 88' lang='lat' dir='ltr'><strong>in</strong></span> <span class='ocrx_word' id='word_1_173' title='bbox 1089 2799 1213 2866; x_wconf 86' lang='lat' dir='ltr'><strong>ounotia</strong></span> <span class='ocrx_word' id='word_1_174' title='bbox 1230 2820 1411 2884; x_wconf 89' lang='lat' dir='ltr'><strong>propemo-</strong></span> 
     </span>
     <span class='ocr_line' id='line_1_23' title="bbox 300 2905 1407 2994; baseline 0.001 -20"><span class='ocrx_word' id='word_1_175' title='bbox 300 2907 376 2974; x_wconf 85' lang='lat' dir='ltr'><strong>dum</strong></span> <span class='ocrx_word' id='word_1_176' title='bbox 410 2905 659 2978; x_wconf 85' lang='lat' dir='ltr'><strong>considerasset.</strong></span> <span class='ocrx_word' id='word_1_177' title='bbox 696 2916 728 2971; x_wconf 89' lang='lat' dir='ltr'><strong>et</strong></span> <span class='ocrx_word' id='word_1_178' title='bbox 760 2916 879 2972; x_wconf 72' lang='lat' dir='ltr'><strong>eurota</strong></span> <span class='ocrx_word' id='word_1_179' title='bbox 911 2907 946 2972; x_wconf 86' lang='lat' dir='ltr'><strong>in</strong></span> <span class='ocrx_word' id='word_1_180' title='bbox 979 2928 1019 2972; x_wconf 90' lang='lat' dir='ltr'><strong>eo</strong></span> <span class='ocrx_word' id='word_1_181' title='bbox 1039 2908 1161 2974; x_wconf 85' lang='lat' dir='ltr'><strong>maiore</strong></span> <span class='ocrx_word' id='word_1_182' title='bbox 1182 2909 1407 2994; x_wconf 83' lang='lat' dir='ltr'><strong>comperisset,</strong></span> 
     </span>
     <span class='ocr_line' id='line_1_24' title="bbox 301 3012 1410 3104; baseline 0.005 -28"><span class='ocrx_word' id='word_1_183' title='bbox 301 3033 398 3098; x_wconf 87' lang='lat' dir='ltr'><strong>quam</strong></span> <span class='ocrx_word' id='word_1_184' title='bbox 420 3012 462 3076; x_wconf 90' lang='lat' dir='ltr'><strong>ab</strong></span> <span class='ocrx_word' id='word_1_185' title='bbox 483 3013 621 3078; x_wconf 86' lang='lat' dir='ltr'><strong>lllouino</strong></span> <span class='ocrx_word' id='word_1_186' title='bbox 640 3013 806 3090; x_wconf 88' lang='lat' dir='ltr'><strong>audierat,</strong></span> <span class='ocrx_word' id='word_1_187' title='bbox 836 3033 910 3080; x_wconf 82' lang='lat' dir='ltr'><strong>mox</strong></span> <span class='ocrx_word' id='word_1_188' title='bbox 931 3015 959 3084; x_wconf 88' lang='lat' dir='ltr'><strong>ei</strong></span> <span class='ocrx_word' id='word_1_189' title='bbox 981 3017 1198 3104; x_wconf 81' lang='lat' dir='ltr'><strong>episcopatum</strong></span> <span class='ocrx_word' id='word_1_190' title='bbox 1217 3017 1410 3084; x_wconf 81' lang='lat' dir='ltr'><strong>Trevirens&#39;u</strong></span> 
     </span>
     <span class='ocr_line' id='line_1_25' title="bbox 301 3118 1405 3210; baseline 0.006 -26"><span class='ocrx_word' id='word_1_191' title='bbox 301 3118 451 3186; x_wconf 82' lang='lat' dir='ltr'><strong>ecelesiae</strong></span> <span class='ocrx_word' id='word_1_192' title='bbox 473 3120 541 3204; x_wconf 88' lang='lat' dir='ltr'><strong>(ubi</strong></span> <span class='ocrx_word' id='word_1_193' title='bbox 557 3131 640 3188; x_wconf 86' lang='lat' dir='ltr'><strong>tune</strong></span> <span class='ocrx_word' id='word_1_194' title='bbox 659 3122 812 3208; x_wconf 86' lang='lat' dir='ltr'><strong>episeopo</strong></span> <span class='ocrx_word' id='word_1_195' title='bbox 834 3122 989 3190; x_wconf 88' lang='lat' dir='ltr'><strong>delunoto</strong></span> <span class='ocrx_word' id='word_1_196' title='bbox 1010 3125 1142 3192; x_wconf 82' lang='lat' dir='ltr'><strong>eeclesia</strong></span> <span class='ocrx_word' id='word_1_197' title='bbox 1163 3125 1231 3210; x_wconf 90' lang='lat' dir='ltr'><strong>ipsa</strong></span> <span class='ocrx_word' id='word_1_198' title='bbox 1251 3125 1405 3210; x_wconf 81' lang='lat' dir='ltr'><strong>vacabat)</strong></span> 
     </span>
     <span class='ocr_line' id='line_1_26' title="bbox 300 3226 1408 3317; baseline 0.008 -28"><span class='ocrx_word' id='word_1_199' title='bbox 300 3226 460 3312; x_wconf 76' lang='lat' dir='ltr'><strong>porrigere</strong></span> <span class='ocrx_word' id='word_1_200' title='bbox 493 3227 599 3294; x_wconf 78' lang='lat' dir='ltr'><strong>votuit</strong></span> <span class='ocrx_word' id='word_1_201' title='bbox 643 3233 685 3294; x_wconf 77' lang='lat' dir='ltr'><strong>nt</strong></span> <span class='ocrx_word' id='word_1_202' title='bbox 721 3249 795 3295; x_wconf 87' lang='lat' dir='ltr'><strong>vero</strong></span> <span class='ocrx_word' id='word_1_203' title='bbox 827 3230 989 3317; x_wconf 75' lang='lat' dir='ltr'><strong>ludgerus</strong></span> <span class='ocrx_word' id='word_1_204' title='bbox 1020 3232 1067 3299; x_wconf 82' lang='lat' dir='ltr'><strong>vir</strong></span> <span class='ocrx_word' id='word_1_205' title='bbox 1086 3230 1274 3299; x_wconf 88' lang='lat' dir='ltr'><strong>humillimus</strong></span> <span class='ocrx_word' id='word_1_206' title='bbox 1295 3241 1408 3298; x_wconf 88' lang='lat' dir='ltr'><strong>tantae</strong></span> 
     </span>
     <span class='ocr_line' id='line_1_27' title="bbox 301 3332 1406 3421; baseline 0.007 -23"><span class='ocrx_word' id='word_1_207' title='bbox 301 3332 450 3420; x_wconf 80' lang='lat' dir='ltr'><strong>dignitati</strong></span> <span class='ocrx_word' id='word_1_208' title='bbox 480 3353 512 3398; x_wconf 92' lang='lat' dir='ltr'><strong>se</strong></span> <span class='ocrx_word' id='word_1_209' title='bbox 540 3355 744 3421; x_wconf 84' lang='lat' dir='ltr'><strong>nequequam</strong></span> <span class='ocrx_word' id='word_1_210' title='bbox 765 3335 843 3402; x_wconf 83' lang='lat' dir='ltr'><strong>dixit</strong></span> <span class='ocrx_word' id='word_1_211' title='bbox 873 3338 1025 3406; x_wconf 81' lang='lat' dir='ltr'><strong>sufficere.</strong></span> <span class='ocrx_word' id='word_1_212' title='bbox 1067 3339 1131 3406; x_wconf 86' lang='lat' dir='ltr'><strong>Sed</strong></span> <span class='ocrx_word' id='word_1_213' title='bbox 1149 3340 1175 3404; x_wconf 95' lang='lat' dir='ltr'><strong>si</strong></span> <span class='ocrx_word' id='word_1_214' title='bbox 1195 3361 1251 3405; x_wconf 86' lang='lat' dir='ltr'><strong>rex</strong></span> <span class='ocrx_word' id='word_1_215' title='bbox 1271 3340 1406 3406; x_wconf 88' lang='lat' dir='ltr'><strong>omnino</strong></span> 
     </span>
     <span class='ocr_line' id='line_1_28' title="bbox 301 3439 1405 3535; baseline 0.004 -27"><span class='ocrx_word' id='word_1_216' title='bbox 301 3439 359 3508; x_wconf 83' lang='lat' dir='ltr'><strong>sibi</strong></span> <span class='ocrx_word' id='word_1_217' title='bbox 387 3443 580 3528; x_wconf 87' lang='lat' dir='ltr'><strong>praeciperet</strong></span> <span class='ocrx_word' id='word_1_218' title='bbox 610 3444 702 3510; x_wconf 87' lang='lat' dir='ltr'><strong>alicui</strong></span> <span class='ocrx_word' id='word_1_219' title='bbox 731 3446 877 3531; x_wconf 86' lang='lat' dir='ltr'><strong>prodesse</strong></span> <span class='ocrx_word' id='word_1_220' title='bbox 906 3449 1048 3534; x_wconf 84' lang='lat' dir='ltr'><strong>populo,</strong></span> <span class='ocrx_word' id='word_1_221' title='bbox 1076 3449 1182 3535; x_wconf 92' lang='lat' dir='ltr'><strong>potius</strong></span> <span class='ocrx_word' id='word_1_222' title='bbox 1201 3449 1268 3534; x_wconf 89' lang='lat' dir='ltr'><strong>ipse</strong></span> <span class='ocrx_word' id='word_1_223' title='bbox 1287 3450 1320 3514; x_wconf 91' lang='lat' dir='ltr'><strong>in</strong></span> <span class='ocrx_word' id='word_1_224' title='bbox 1341 3460 1405 3516; x_wconf 90' lang='lat' dir='ltr'><strong>ter-</strong></span> 
     </span>
     <span class='ocr_line' id='line_1_29' title="bbox 301 3552 1404 3643; baseline 0.007 -30"><span class='ocrx_word' id='word_1_225' title='bbox 301 3571 370 3616; x_wconf 89' lang='lat' dir='ltr'><strong>ram</strong></span> <span class='ocrx_word' id='word_1_226' title='bbox 414 3573 504 3618; x_wconf 84' lang='lat' dir='ltr'><strong>suam</strong></span> <span class='ocrx_word' id='word_1_227' title='bbox 534 3552 647 3622; x_wconf 79' lang='lat' dir='ltr'><strong>Frisiae</strong></span> <span class='ocrx_word' id='word_1_228' title='bbox 679 3555 866 3622; x_wconf 84' lang='lat' dir='ltr'><strong>auctoritate</strong></span> <span class='ocrx_word' id='word_1_229' title='bbox 899 3557 1069 3641; x_wconf 86' lang='lat' dir='ltr'><strong>praecipue</strong></span> <span class='ocrx_word' id='word_1_230' title='bbox 1098 3558 1181 3643; x_wconf 76' lang='lat' dir='ltr'><strong>regia</strong></span> <span class='ocrx_word' id='word_1_231' title='bbox 1214 3569 1324 3626; x_wconf 81' lang='lat' dir='ltr'><strong>auctus</strong></span> <span class='ocrx_word' id='word_1_232' title='bbox 1355 3557 1404 3621; x_wconf 89' lang='lat' dir='ltr'><strong>ire</strong></span> 
     </span>
     <span class='ocr_line' id='line_1_30' title="bbox 301 3658 417 3723; baseline 0.009 -1"><span class='ocrx_word' id='word_1_233' title='bbox 301 3658 417 3723; x_wconf 84' lang='lat' dir='ltr'><strong>mallet.</strong></span> 
     </span>
    </p>
   </div>
   <div class='ocr_carea' id='block_1_3' title="bbox 0 0 1485 5144">
    <p class='ocr_par' dir='ltr' id='par_1_3' title="bbox 0 0 1485 5144">
     <span class='ocr_line' id='line_1_31' title="bbox 0 0 1485 5144; baseline 0 0"><span class='ocrx_word' id='word_1_234' title='bbox 0 0 1485 5144; x_wconf 95' lang='lat' dir='ltr'><strong> </strong></span> 
     </span>
    </p>
   </div>
  </div>
 </body>
</html>
