<?xml version="1.0" encoding="UTF-8"?>
<!DOCTYPE html PUBLIC "-//W3C//DTD XHTML 1.0 Transitional//EN"
    "http://www.w3.org/TR/xhtml1/DTD/xhtml1-transitional.dtd">
<html xmlns="http://www.w3.org/1999/xhtml" xml:lang="en" lang="en">
 <head>
  <title>
</title>
<meta http-equiv="Content-Type" content="text/html;charset=utf-8" />
  <meta name='ocr-system' content='tesseract 3.04.00' />
  <meta name='ocr-capabilities' content='ocr_page ocr_carea ocr_par ocr_line ocrx_word'/>
</head>
<body>
  <div class='ocr_page' id='page_1' title='image "./worperityaerdae00worpgoog_0022.png"; bbox 0 0 2950 5144; ppageno 0'>
   <div class='ocr_carea' id='block_1_1' title="bbox 276 446 943 518">
    <p class='ocr_par' dir='ltr' id='par_1_1' title="bbox 276 446 943 518">
     <span class='ocr_line' id='line_1_1' title="bbox 276 446 943 518; baseline -0.012 0"><span class='ocrx_word' id='word_1_1' title='bbox 276 453 301 518; x_wconf 83' lang='grc'><strong>8</strong></span> <span class='ocrx_word' id='word_1_2' title='bbox 719 446 943 512; x_wconf 72' lang='lat' dir='ltr'><strong>Wournnr</strong></span> 
     </span>
    </p>
   </div>
   <div class='ocr_carea' id='block_1_2' title="bbox 277 611 1389 792">
    <p class='ocr_par' dir='ltr' id='par_1_2' title="bbox 277 611 1389 792">
     <span class='ocr_line' id='line_1_2' title="bbox 278 611 1389 700; baseline -0.007 -16"><span class='ocrx_word' id='word_1_3' title='bbox 278 617 479 696; x_wconf 82' lang='lat' dir='ltr'><strong>dicabiiium,</strong></span> <span class='ocrx_word' id='word_1_4' title='bbox 501 618 627 682; x_wconf 70' lang='lat' dir='ltr'><strong>incerto</strong></span> <span class='ocrx_word' id='word_1_5' title='bbox 647 624 755 680; x_wconf 79' lang='lat' dir='ltr'><strong>tamen</strong></span> <span class='ocrx_word' id='word_1_6' title='bbox 777 614 930 681; x_wconf 75' lang='lat' dir='ltr'>authore:</span> <span class='ocrx_word' id='word_1_7' title='bbox 959 634 1037 700; x_wconf 74' lang='lat' dir='ltr'><strong>gens</strong></span> <span class='ocrx_word' id='word_1_8' title='bbox 1059 611 1191 700; x_wconf 79' lang='lat' dir='ltr'><strong>(inquit)</strong></span> <span class='ocrx_word' id='word_1_9' title='bbox 1214 611 1389 681; x_wconf 81' lang='lat' dir='ltr'><strong>Friaonum</strong></span> 
     </span>
     <span class='ocr_line' id='line_1_3' title="bbox 277 724 789 792; baseline -0.008 0"><span class='ocrx_word' id='word_1_10' title='bbox 277 728 360 792; x_wconf 91' lang='lat' dir='ltr'><strong>miro</strong></span> <span class='ocrx_word' id='word_1_11' title='bbox 379 726 478 792; x_wconf 89' lang='lat' dir='ltr'><strong>modo</strong></span> <span class='ocrx_word' id='word_1_12' title='bbox 500 724 677 792; x_wconf 65' lang='lat' dir='ltr'><strong>casitatem</strong></span> <span class='ocrx_word' id='word_1_13' title='bbox 699 724 789 788; x_wconf 70' lang='lat' dir='ltr'><strong>aciei.</strong></span> 
     </span>
    </p>
   </div>
   <div class='ocr_carea' id='block_1_3' title="bbox 381 1152 1279 1322">
    <p class='ocr_par' dir='ltr' id='par_1_3' title="bbox 381 1152 1279 1322">
     <span class='ocr_line' id='line_1_4' title="bbox 381 1152 1279 1252; baseline -0.012 -34"><span class='ocrx_word' id='word_1_14' title='bbox 381 1160 564 1219; x_wconf 75' lang='lat' dir='ltr'><strong>mones</strong></span> <span class='ocrx_word' id='word_1_15' title='bbox 580 1159 685 1220; x_wconf 75' lang='lat' dir='ltr'><strong>udo</strong></span> <span class='ocrx_word' id='word_1_16' title='bbox 703 1157 894 1252; x_wconf 63' lang='lat' dir='ltr'><strong>originem</strong></span> <span class='ocrx_word' id='word_1_17' title='bbox 910 1155 1079 1224; x_wconf 68' lang='lat' dir='ltr'><strong>nubens,</strong></span> <span class='ocrx_word' id='word_1_18' title='bbox 1098 1152 1279 1212; x_wconf 70' lang='lat' dir='ltr'><strong>diversae</strong></span> 
     </span>
     <span class='ocr_line' id='line_1_5' title="bbox 725 1251 945 1322; baseline -0.032 -10"><span class='ocrx_word' id='word_1_19' title='bbox 725 1251 945 1322; x_wconf 68' lang='lat' dir='ltr'><strong>mmorrer.</strong></span> 
     </span>
    </p>
   </div>
   <div class='ocr_carea' id='block_1_4' title="bbox 233 1535 1464 4263">
    <p class='ocr_par' dir='ltr' id='par_1_4' title="bbox 233 1535 1464 4263">
     <span class='ocr_line' id='line_1_6' title="bbox 322 1535 1391 1668; baseline -0.008 -24"><span class='ocrx_word' id='word_1_20' title='bbox 322 1581 465 1647; x_wconf 84' lang='lat' dir='ltr'><strong>Frisones</strong></span> <span class='ocrx_word' id='word_1_21' title='bbox 495 1601 574 1656; x_wconf 66' lang='lat' dir='ltr'><strong>non,</strong></span> <span class='ocrx_word' id='word_1_22' title='bbox 596 1580 762 1668; x_wconf 86' lang='lat' dir='ltr'><strong>indigenas</strong></span> <span class='ocrx_word' id='word_1_23' title='bbox 795 1579 844 1664; x_wconf 88' lang='lat' dir='ltr'><strong>(ut</strong></span> <span class='ocrx_word' id='word_1_24' title='bbox 864 1535 999 1667; x_wconf 58' lang='lat' dir='ltr'><strong>quidam</strong></span> <span class='ocrx_word' id='word_1_25' title='bbox 1020 1575 1145 1660; x_wconf 76' lang='lat' dir='ltr'><strong>volunt)</strong></span> <span class='ocrx_word' id='word_1_26' title='bbox 1168 1555 1223 1639; x_wconf 85' lang='lat' dir='ltr'><strong>sed</strong></span> <span class='ocrx_word' id='word_1_27' title='bbox 1242 1573 1391 1640; x_wconf 80' lang='lat' dir='ltr'><strong>advenas</strong></span> 
     </span>
     <span class='ocr_line' id='line_1_7' title="bbox 281 1681 1390 1764; baseline -0.009 -10"><span class='ocrx_word' id='word_1_28' title='bbox 281 1708 363 1764; x_wconf 85' lang='lat' dir='ltr'><strong>esse,</strong></span> <span class='ocrx_word' id='word_1_29' title='bbox 387 1690 467 1755; x_wconf 76' lang='lat' dir='ltr'><strong>sicut</strong></span> <span class='ocrx_word' id='word_1_30' title='bbox 499 1699 639 1754; x_wconf 81' lang='lat' dir='ltr'><strong>caeteras</strong></span> <span class='ocrx_word' id='word_1_31' title='bbox 660 1709 771 1753; x_wconf 86' lang='lat' dir='ltr'><strong>omnes</strong></span> <span class='ocrx_word' id='word_1_32' title='bbox 791 1687 982 1752; x_wconf 79' lang='lat' dir='ltr'><strong>Germaniae</strong></span> <span class='ocrx_word' id='word_1_33' title='bbox 1000 1685 1166 1757; x_wconf 75' lang='lat' dir='ltr'><strong>nationes,</strong></span> <span class='ocrx_word' id='word_1_34' title='bbox 1191 1682 1269 1745; x_wconf 86' lang='lat' dir='ltr'><strong>nulii</strong></span> <span class='ocrx_word' id='word_1_35' title='bbox 1289 1681 1390 1746; x_wconf 89' lang='lat' dir='ltr'><strong>dnbi-</strong></span> 
     </span>
     <span class='ocr_line' id='line_1_8' title="bbox 233 1791 1389 1883; baseline -0.015 -15"><span class='ocrx_word' id='word_1_36' title='bbox 233 1856 239 1868; x_wconf 91' lang='lat'>.</span> <span class='ocrx_word' id='word_1_37' title='bbox 279 1816 346 1861; x_wconf 91' lang='lat' dir='ltr'><strong>um.</strong></span> <span class='ocrx_word' id='word_1_38' title='bbox 389 1797 454 1862; x_wconf 86' lang='lat' dir='ltr'><strong>Sed</strong></span> <span class='ocrx_word' id='word_1_39' title='bbox 483 1818 502 1860; x_wconf 85' lang='lat' dir='ltr'><strong>a</strong></span> <span class='ocrx_word' id='word_1_40' title='bbox 532 1795 647 1883; x_wconf 89' lang='lat' dir='ltr'><strong>quibus</strong></span> <span class='ocrx_word' id='word_1_41' title='bbox 677 1797 795 1871; x_wconf 73' lang='lat' dir='ltr'><strong>exorti,</strong></span> <span class='ocrx_word' id='word_1_42' title='bbox 829 1805 885 1859; x_wconf 80' lang='lat' dir='ltr'><strong>aut</strong></span> <span class='ocrx_word' id='word_1_43' title='bbox 904 1793 992 1858; x_wconf 88' lang='lat' dir='ltr'><strong>unde</strong></span> <span class='ocrx_word' id='word_1_44' title='bbox 1012 1791 1144 1878; x_wconf 84' lang='lat' dir='ltr'><strong>egressi,</strong></span> <span class='ocrx_word' id='word_1_45' title='bbox 1178 1810 1284 1875; x_wconf 83' lang='lat' dir='ltr'><strong>quove</strong></span> <span class='ocrx_word' id='word_1_46' title='bbox 1305 1799 1389 1854; x_wconf 77' lang='lat' dir='ltr'><strong>tem-</strong></span> 
     </span>
     <span class='ocr_line' id='line_1_9' title="bbox 278 1897 1464 1992; baseline -0.008 -24"><span class='ocrx_word' id='word_1_47' title='bbox 278 1923 359 1988; x_wconf 82' lang='lat' dir='ltr'><strong>pore</strong></span> <span class='ocrx_word' id='word_1_48' title='bbox 390 1903 433 1968; x_wconf 89' lang='lat' dir='ltr'><strong>ad</strong></span> <span class='ocrx_word' id='word_1_49' title='bbox 463 1903 550 1970; x_wconf 87' lang='lat' dir='ltr'><strong>hauc</strong></span> <span class='ocrx_word' id='word_1_50' title='bbox 582 1924 682 1990; x_wconf 87' lang='lat' dir='ltr'><strong>quam</strong></span> <span class='ocrx_word' id='word_1_51' title='bbox 713 1904 813 1968; x_wconf 93' lang='lat' dir='ltr'><strong>modo</strong></span> <span class='ocrx_word' id='word_1_52' title='bbox 841 1903 989 1968; x_wconf 82' lang='lat' dir='ltr'><strong>incolunt</strong></span> <span class='ocrx_word' id='word_1_53' title='bbox 1010 1910 1127 1991; x_wconf 79' lang='lat' dir='ltr'><strong>terram</strong></span> <span class='ocrx_word' id='word_1_54' title='bbox 1146 1907 1318 1973; x_wconf 74' lang='lat' dir='ltr'><strong>venerunt,</strong></span> <span class='ocrx_word' id='word_1_55' title='bbox 1345 1897 1389 1960; x_wconf 87' lang='lat' dir='ltr'><strong>ad</strong></span> <span class='ocrx_word' id='word_1_56' title='bbox 1463 1981 1464 1992; x_wconf 9' lang='grc' dir='ltr'>ἵ</span> 
     </span>
     <span class='ocr_line' id='line_1_10' title="bbox 279 2005 1464 2099; baseline -0.007 -25"><span class='ocrx_word' id='word_1_57' title='bbox 279 2011 436 2096; x_wconf 88' lang='lat' dir='ltr'><strong>liquidum</strong></span> <span class='ocrx_word' id='word_1_58' title='bbox 456 2013 591 2097; x_wconf 87' lang='lat' dir='ltr'><strong>reperire</strong></span> <span class='ocrx_word' id='word_1_59' title='bbox 612 2032 680 2078; x_wconf 88' lang='lat' dir='ltr'><strong>non</strong></span> <span class='ocrx_word' id='word_1_60' title='bbox 701 2013 803 2099; x_wconf 78' lang='lat' dir='ltr'><strong>potui.</strong></span> <span class='ocrx_word' id='word_1_61' title='bbox 836 2012 875 2076; x_wconf 83' lang='lat' dir='ltr'><strong>Et</strong></span> <span class='ocrx_word' id='word_1_62' title='bbox 895 2032 934 2076; x_wconf 89' lang='lat' dir='ltr'><strong>eo</strong></span> <span class='ocrx_word' id='word_1_63' title='bbox 955 2010 1092 2075; x_wconf 82' lang='lat' dir='ltr'><strong>maxime</strong></span> <span class='ocrx_word' id='word_1_64' title='bbox 1111 2011 1187 2094; x_wconf 90' lang='lat' dir='ltr'><strong>quia</strong></span> <span class='ocrx_word' id='word_1_65' title='bbox 1208 2005 1389 2072; x_wconf 77' lang='lat' dir='ltr'><strong>chronicae</strong></span> <span class='ocrx_word' id='word_1_66' title='bbox 1463 2057 1464 2066; x_wconf 73' lang='grc'>,</span> 
     </span>
     <span class='ocr_line' id='line_1_11' title="bbox 280 2114 1464 2204; baseline -0.008 -20"><span class='ocrx_word' id='word_1_67' title='bbox 280 2117 446 2184; x_wconf 81' lang='lat' dir='ltr'><strong>Frisonum</strong></span> <span class='ocrx_word' id='word_1_68' title='bbox 465 2119 597 2199; x_wconf 80' lang='lat' dir='ltr'><strong>dicum,</strong></span> <span class='ocrx_word' id='word_1_69' title='bbox 629 2143 663 2186; x_wconf 84' lang='lat' dir='ltr'><strong>se</strong></span> <span class='ocrx_word' id='word_1_70' title='bbox 692 2131 723 2186; x_wconf 86' lang='lat' dir='ltr'><strong>et</strong></span> <span class='ocrx_word' id='word_1_71' title='bbox 744 2120 887 2186; x_wconf 81' lang='lat' dir='ltr'>Saxones</span> <span class='ocrx_word' id='word_1_72' title='bbox 907 2129 1004 2204; x_wconf 74' lang='lat' dir='ltr'><strong>etque</strong></span> <span class='ocrx_word' id='word_1_73' title='bbox 1022 2114 1229 2200; x_wconf 76' lang='lat' dir='ltr'><strong>Westphelos</strong></span> <span class='ocrx_word' id='word_1_74' title='bbox 1248 2136 1266 2178; x_wconf 85' lang='lat' dir='ltr'><strong>a</strong></span> <span class='ocrx_word' id='word_1_75' title='bbox 1288 2115 1389 2177; x_wconf 84' lang='lat' dir='ltr'><strong>uibus</strong></span> <span class='ocrx_word' id='word_1_76' title='bbox 1463 2191 1464 2202; x_wconf 9' lang='grc' dir='ltr'>ἵ</span> 
     </span>
     <span class='ocr_line' id='line_1_12' title="bbox 280 2223 1389 2314; baseline -0.008 -22"><span class='ocrx_word' id='word_1_77' title='bbox 280 2235 368 2292; x_wconf 71' lang='lat' dir='ltr'><strong>ortos</strong></span> <span class='ocrx_word' id='word_1_78' title='bbox 387 2226 553 2303; x_wconf 78' lang='lat' dir='ltr'><strong>fratribus,</strong></span> <span class='ocrx_word' id='word_1_79' title='bbox 583 2239 681 2314; x_wconf 71' lang='lat' dir='ltr'><strong>arque</strong></span> <span class='ocrx_word' id='word_1_80' title='bbox 701 2229 743 2294; x_wconf 84' lang='lat' dir='ltr'><strong>ad</strong></span> <span class='ocrx_word' id='word_1_81' title='bbox 764 2228 841 2303; x_wconf 89' lang='lat' dir='ltr'><strong>has,</strong></span> <span class='ocrx_word' id='word_1_82' title='bbox 873 2248 954 2313; x_wconf 86' lang='lat' dir='ltr'><strong>quas</strong></span> <span class='ocrx_word' id='word_1_83' title='bbox 975 2246 1068 2291; x_wconf 87' lang='lat' dir='ltr'><strong>nunc</strong></span> <span class='ocrx_word' id='word_1_84' title='bbox 1087 2223 1254 2300; x_wconf 86' lang='lat' dir='ltr'><strong>incolunt,</strong></span> <span class='ocrx_word' id='word_1_85' title='bbox 1289 2232 1389 2286; x_wconf 77' lang='lat' dir='ltr'><strong>terras</strong></span> 
     </span>
     <span class='ocr_line' id='line_1_13' title="bbox 280 2331 1464 2423; baseline -0.006 -23"><span class='ocrx_word' id='word_1_86' title='bbox 280 2335 394 2400; x_wconf 86' lang='lat' dir='ltr'><strong>eodem</strong></span> <span class='ocrx_word' id='word_1_87' title='bbox 424 2339 544 2401; x_wconf 84' lang='lat' dir='ltr'><strong>venisse</strong></span> <span class='ocrx_word' id='word_1_88' title='bbox 576 2347 730 2423; x_wconf 76' lang='lat' dir='ltr'><strong>tempore.</strong></span> <span class='ocrx_word' id='word_1_89' title='bbox 772 2336 879 2416; x_wconf 87' lang='lat' dir='ltr'><strong>Quum</strong></span> <span class='ocrx_word' id='word_1_90' title='bbox 909 2345 1018 2399; x_wconf 82' lang='lat' dir='ltr'><strong>tamen</strong></span> <span class='ocrx_word' id='word_1_91' title='bbox 1048 2333 1212 2398; x_wconf 82' lang='lat' dir='ltr'><strong>Saxonum</strong></span> <span class='ocrx_word' id='word_1_92' title='bbox 1233 2341 1263 2396; x_wconf 78' lang='lat' dir='ltr'><strong>et</strong></span> <span class='ocrx_word' id='word_1_93' title='bbox 1284 2331 1388 2394; x_wconf 84' lang='lat' dir='ltr'><strong>Friso·</strong></span> <span class='ocrx_word' id='word_1_94' title='bbox 1463 2367 1464 2372; x_wconf 22' lang='grc' dir='ltr'><strong>κ</strong></span> 
     </span>
     <span class='ocr_line' id='line_1_14' title="bbox 280 2441 1464 2530; baseline -0.005 -22"><span class='ocrx_word' id='word_1_95' title='bbox 280 2461 358 2508; x_wconf 90' lang='lat' dir='ltr'><strong>num</strong></span> <span class='ocrx_word' id='word_1_96' title='bbox 377 2441 573 2518; x_wconf 78' lang='lat' dir='ltr'><strong>chronicae,</strong></span> <span class='ocrx_word' id='word_1_97' title='bbox 595 2443 635 2507; x_wconf 90' lang='lat' dir='ltr'><strong>de</strong></span> <span class='ocrx_word' id='word_1_98' title='bbox 655 2455 751 2530; x_wconf 77' lang='lat' dir='ltr'><strong>geute</strong></span> <span class='ocrx_word' id='word_1_99' title='bbox 771 2465 792 2508; x_wconf 87' lang='lat' dir='ltr'><strong>a</strong></span> <span class='ocrx_word' id='word_1_100' title='bbox 812 2463 879 2530; x_wconf 87' lang='lat' dir='ltr'><strong>qua</strong></span> <span class='ocrx_word' id='word_1_101' title='bbox 899 2443 1062 2509; x_wconf 80' lang='lat' dir='ltr'><strong>exordium</strong></span> <span class='ocrx_word' id='word_1_102' title='bbox 1082 2450 1293 2527; x_wconf 74' lang='lat' dir='ltr'><strong>sumpserunt,</strong></span> <span class='ocrx_word' id='word_1_103' title='bbox 1314 2459 1388 2504; x_wconf 88' lang='lat' dir='ltr'><strong>non</strong></span> <span class='ocrx_word' id='word_1_104' title='bbox 1463 2465 1464 2488; x_wconf 51' lang='lat' dir='ltr'><strong>a</strong></span> 
     </span>
     <span class='ocr_line' id='line_1_15' title="bbox 279 2548 1388 2636; baseline -0.001 -24"><span class='ocrx_word' id='word_1_105' title='bbox 279 2569 394 2634; x_wconf 85' lang='lat' dir='ltr'><strong>perum</strong></span> <span class='ocrx_word' id='word_1_106' title='bbox 415 2550 593 2636; x_wconf 83' lang='lat' dir='ltr'><strong>discrepare</strong></span> <span class='ocrx_word' id='word_1_107' title='bbox 613 2548 772 2618; x_wconf 81' lang='lat' dir='ltr'><strong>videntur.</strong></span> <span class='ocrx_word' id='word_1_108' title='bbox 815 2551 847 2614; x_wconf 92' lang='lat' dir='ltr'><strong>Si</strong></span> <span class='ocrx_word' id='word_1_109' title='bbox 867 2552 953 2615; x_wconf 91' lang='lat' dir='ltr'><strong>enim</strong></span> <span class='ocrx_word' id='word_1_110' title='bbox 974 2551 1015 2616; x_wconf 90' lang='lat' dir='ltr'><strong>de</strong></span> <span class='ocrx_word' id='word_1_111' title='bbox 1035 2571 1093 2615; x_wconf 89' lang='lat' dir='ltr'><strong>suo</strong></span> <span class='ocrx_word' id='word_1_112' title='bbox 1114 2560 1187 2614; x_wconf 73' lang='lat' dir='ltr'><strong>ortu</strong></span> <span class='ocrx_word' id='word_1_113' title='bbox 1208 2548 1388 2614; x_wconf 87' lang='lat' dir='ltr'><strong>Chronicae</strong></span> 
     </span>
     <span class='ocr_line' id='line_1_16' title="bbox 280 2657 1388 2745; baseline -0.003 -24"><span class='ocrx_word' id='word_1_114' title='bbox 280 2657 444 2722; x_wconf 77' lang='lat' dir='ltr'><strong>Frisonum</strong></span> <span class='ocrx_word' id='word_1_115' title='bbox 465 2657 581 2722; x_wconf 85' lang='lat' dir='ltr'><strong>omissis</strong></span> <span class='ocrx_word' id='word_1_116' title='bbox 602 2657 668 2722; x_wconf 89' lang='lat' dir='ltr'><strong>aliis</strong></span> <span class='ocrx_word' id='word_1_117' title='bbox 690 2667 816 2723; x_wconf 76' lang='lat' dir='ltr'><strong>iunium</strong></span> <span class='ocrx_word' id='word_1_118' title='bbox 836 2658 1061 2745; x_wconf 78' lang='lat' dir='ltr'><strong>loquerentur,</strong></span> <span class='ocrx_word' id='word_1_119' title='bbox 1094 2679 1163 2724; x_wconf 87' lang='lat' dir='ltr'><strong>non</strong></span> <span class='ocrx_word' id='word_1_120' title='bbox 1183 2658 1282 2721; x_wconf 77' lang='lat' dir='ltr'><strong>multo</strong></span> <span class='ocrx_word' id='word_1_121' title='bbox 1304 2675 1388 2740; x_wconf 88' lang='lat' dir='ltr'><strong>opus</strong></span> 
     </span>
     <span class='ocr_line' id='line_1_17' title="bbox 281 2764 1388 2853; baseline -0.006 -21"><span class='ocrx_word' id='word_1_122' title='bbox 281 2775 359 2832; x_wconf 81' lang='lat' dir='ltr'><strong>esset</strong></span> <span class='ocrx_word' id='word_1_123' title='bbox 380 2764 510 2844; x_wconf 88' lang='lat' dir='ltr'><strong>labore,</strong></span> <span class='ocrx_word' id='word_1_124' title='bbox 532 2785 634 2853; x_wconf 90' lang='lat' dir='ltr'><strong>quum</strong></span> <span class='ocrx_word' id='word_1_125' title='bbox 654 2767 728 2830; x_wconf 80' lang='lat' dir='ltr'><strong>saris</strong></span> <span class='ocrx_word' id='word_1_126' title='bbox 747 2768 848 2833; x_wconf 76' lang='lat' dir='ltr'><strong>multa</strong></span> <span class='ocrx_word' id='word_1_127' title='bbox 870 2767 911 2832; x_wconf 87' lang='lat' dir='ltr'><strong>de</strong></span> <span class='ocrx_word' id='word_1_128' title='bbox 931 2766 978 2832; x_wconf 87' lang='lat' dir='ltr'><strong>his</strong></span> <span class='ocrx_word' id='word_1_129' title='bbox 998 2767 1088 2851; x_wconf 89' lang='lat' dir='ltr'><strong>apud</strong></span> <span class='ocrx_word' id='word_1_130' title='bbox 1108 2766 1217 2831; x_wconf 80' lang='lat' dir='ltr'><strong>Frisios</strong></span> <span class='ocrx_word' id='word_1_131' title='bbox 1239 2765 1388 2850; x_wconf 75' lang='lat' dir='ltr'><strong>legantur</strong></span> 
     </span>
     <span class='ocr_line' id='line_1_18' title="bbox 281 2871 1451 2961; baseline -0.004 -22"><span class='ocrx_word' id='word_1_132' title='bbox 281 2886 312 2939; x_wconf 79' lang='lat' dir='ltr'><strong>et</strong></span> <span class='ocrx_word' id='word_1_133' title='bbox 342 2873 533 2939; x_wconf 79' lang='lat' dir='ltr'><strong>habeantur.</strong></span> <span class='ocrx_word' id='word_1_134' title='bbox 575 2873 667 2938; x_wconf 84' lang='lat' dir='ltr'><strong>Nunc</strong></span> <span class='ocrx_word' id='word_1_135' title='bbox 698 2894 776 2938; x_wconf 83' lang='lat' dir='ltr'><strong>vero</strong></span> <span class='ocrx_word' id='word_1_136' title='bbox 804 2894 905 2961; x_wconf 90' lang='lat' dir='ltr'><strong>quum</strong></span> <span class='ocrx_word' id='word_1_137' title='bbox 933 2876 1030 2940; x_wconf 84' lang='lat' dir='ltr'><strong>etiam</strong></span> <span class='ocrx_word' id='word_1_138' title='bbox 1050 2875 1091 2939; x_wconf 90' lang='lat' dir='ltr'><strong>de</strong></span> <span class='ocrx_word' id='word_1_139' title='bbox 1112 2875 1199 2950; x_wconf 86' lang='lat' dir='ltr'><strong>aliis,</strong></span> <span class='ocrx_word' id='word_1_140' title='bbox 1231 2871 1407 2957; x_wconf 84' lang='lat' dir='ltr'><strong>aquibus¹</strong></span> <span class='ocrx_word' id='word_1_141' title='bbox 1444 2941 1451 2956; x_wconf 56' lang='lat'><strong>,</strong></span> 
     </span>
     <span class='ocr_line' id='line_1_19' title="bbox 280 2980 1387 3065; baseline -0.002 -19"><span class='ocrx_word' id='word_1_142' title='bbox 280 2994 390 3047; x_wconf 82' lang='lat' dir='ltr'><strong>tamen</strong></span> <span class='ocrx_word' id='word_1_143' title='bbox 411 2982 589 3065; x_wconf 83' lang='lat' dir='ltr'><strong>discrepare</strong></span> <span class='ocrx_word' id='word_1_144' title='bbox 610 2980 774 3060; x_wconf 82' lang='lat' dir='ltr'><strong>videniur,</strong></span> <span class='ocrx_word' id='word_1_145' title='bbox 797 2983 993 3048; x_wconf 76' lang='lat' dir='ltr'><strong>mentionem</strong></span> <span class='ocrx_word' id='word_1_146' title='bbox 1013 2983 1150 3060; x_wconf 80' lang='lat' dir='ltr'><strong>faciant,</strong></span> <span class='ocrx_word' id='word_1_147' title='bbox 1175 2982 1387 3047; x_wconf 82' lang='lat' dir='ltr'><strong>necessarium</strong></span> 
     </span>
     <span class='ocr_line' id='line_1_20' title="bbox 280 3089 1464 3182; baseline -0.002 -26"><span class='ocrx_word' id='word_1_148' title='bbox 280 3091 405 3156; x_wconf 81' lang='lat' dir='ltr'><strong>videtur</strong></span> <span class='ocrx_word' id='word_1_149' title='bbox 435 3100 492 3154; x_wconf 84' lang='lat' dir='ltr'><strong>aut</strong></span> <span class='ocrx_word' id='word_1_150' title='bbox 523 3089 617 3155; x_wconf 90' lang='lat' dir='ltr'><strong>unius</strong></span> <span class='ocrx_word' id='word_1_151' title='bbox 646 3091 749 3176; x_wconf 77' lang='lat' dir='ltr'><strong>geniis</strong></span> <span class='ocrx_word' id='word_1_152' title='bbox 781 3090 970 3158; x_wconf 77' lang='lat' dir='ltr'><strong>chronicam</strong></span> <span class='ocrx_word' id='word_1_153' title='bbox 1001 3103 1106 3178; x_wconf 79' lang='lat' dir='ltr'><strong>spreta</strong></span> <span class='ocrx_word' id='word_1_154' title='bbox 1127 3091 1252 3157; x_wconf 75' lang='lat' dir='ltr'><strong>alterius</strong></span> <span class='ocrx_word' id='word_1_155' title='bbox 1272 3091 1385 3176; x_wconf 88' lang='lat' dir='ltr'><strong>sequi,</strong></span> <span class='ocrx_word' id='word_1_156' title='bbox 1463 3113 1464 3182; x_wconf 49' lang='grc' dir='ltr'>ξ</span> 
     </span>
     <span class='ocr_line' id='line_1_21' title="bbox 282 3183 1464 3268; baseline -0.002 -4"><span class='ocrx_word' id='word_1_157' title='bbox 282 3210 337 3264; x_wconf 85' lang='lat' dir='ltr'><strong>eut</strong></span> <span class='ocrx_word' id='word_1_158' title='bbox 358 3207 443 3264; x_wconf 72' lang='lat' dir='ltr'><strong>certe</strong></span> <span class='ocrx_word' id='word_1_159' title='bbox 463 3196 586 3262; x_wconf 76' lang='lat' dir='ltr'><strong>diversa</strong></span> <span class='ocrx_word' id='word_1_160' title='bbox 605 3198 806 3264; x_wconf 83' lang='lat' dir='ltr'><strong>concordare</strong></span> <span class='ocrx_word' id='word_1_161' title='bbox 836 3209 867 3265; x_wconf 78' lang='lat' dir='ltr'><strong>et</strong></span> <span class='ocrx_word' id='word_1_162' title='bbox 887 3201 946 3265; x_wconf 81' lang='lat' dir='ltr'><strong>rub</strong></span> <span class='ocrx_word' id='word_1_163' title='bbox 966 3221 1036 3266; x_wconf 88' lang='lat' dir='ltr'><strong>uno</strong></span> <span class='ocrx_word' id='word_1_164' title='bbox 1058 3201 1192 3268; x_wconf 75' lang='lat' dir='ltr'><strong>veritatis</strong></span> <span class='ocrx_word' id='word_1_165' title='bbox 1211 3201 1282 3265; x_wconf 77' lang='lat' dir='ltr'><strong>stilo</strong></span> <span class='ocrx_word' id='word_1_166' title='bbox 1302 3201 1386 3264; x_wconf 90' lang='lat' dir='ltr'><strong>redi·</strong></span> <span class='ocrx_word' id='word_1_167' title='bbox 1463 3183 1464 3186; x_wconf 23' lang='lat'>¹</span> 
     </span>
     <span class='ocr_line' id='line_1_22' title="bbox 281 3299 1464 3396; baseline -0.003 -23"><span class='ocrx_word' id='word_1_168' title='bbox 281 3329 364 3396; x_wconf 82' lang='lat' dir='ltr'><strong>gere.</strong></span> <span class='ocrx_word' id='word_1_169' title='bbox 410 3306 506 3387; x_wconf 88' lang='lat' dir='ltr'><strong>Quod</strong></span> <span class='ocrx_word' id='word_1_170' title='bbox 537 3306 682 3372; x_wconf 82' lang='lat' dir='ltr'><strong>videlicet</strong></span> <span class='ocrx_word' id='word_1_171' title='bbox 702 3307 809 3372; x_wconf 89' lang='lat' dir='ltr'><strong>facere</strong></span> <span class='ocrx_word' id='word_1_172' title='bbox 829 3308 909 3374; x_wconf 84' lang='lat' dir='ltr'><strong>sicut</strong></span> <span class='ocrx_word' id='word_1_173' title='bbox 929 3309 1066 3393; x_wconf 90' lang='lat' dir='ltr'><strong>primum</strong></span> <span class='ocrx_word' id='word_1_174' title='bbox 1087 3309 1307 3383; x_wconf 76' lang='lat' dir='ltr'><strong>temerarium,</strong></span> <span class='ocrx_word' id='word_1_175' title='bbox 1340 3305 1385 3370; x_wconf 74' lang='lat' dir='ltr'><strong>ita</strong></span> <span class='ocrx_word' id='word_1_176' title='bbox 1463 3299 1464 3336; x_wconf 74' lang='lat'>³</span> 
     </span>
     <span class='ocr_line' id='line_1_23' title="bbox 281 3414 1386 3504; baseline -0.002 -22"><span class='ocrx_word' id='word_1_177' title='bbox 281 3419 415 3482; x_wconf 78' lang='lat' dir='ltr'><strong>arrarum</strong></span> <span class='ocrx_word' id='word_1_178' title='bbox 444 3416 538 3480; x_wconf 87' lang='lat' dir='ltr'><strong>nimis</strong></span> <span class='ocrx_word' id='word_1_179' title='bbox 566 3414 690 3481; x_wconf 78' lang='lat' dir='ltr'><strong>videtur</strong></span> <span class='ocrx_word' id='word_1_180' title='bbox 718 3416 920 3482; x_wconf 88' lang='lat' dir='ltr'><strong>laboriosnm.</strong></span> <span class='ocrx_word' id='word_1_181' title='bbox 963 3417 1089 3482; x_wconf 88' lang='lat' dir='ltr'><strong>Ponam</strong></span> <span class='ocrx_word' id='word_1_182' title='bbox 1125 3419 1219 3504; x_wconf 74' lang='lat' dir='ltr'><strong>igitur</strong></span> <span class='ocrx_word' id='word_1_183' title='bbox 1249 3438 1286 3481; x_wconf 88' lang='lat' dir='ltr'><strong>ea</strong></span> <span class='ocrx_word' id='word_1_184' title='bbox 1319 3426 1386 3481; x_wconf 86' lang='lat' dir='ltr'><strong>tam</strong></span> 
     </span>
     <span class='ocr_line' id='line_1_24' title="bbox 280 3523 1464 3612; baseline -0.003 -22"><span class='ocrx_word' id='word_1_185' title='bbox 280 3546 366 3612; x_wconf 85' lang='lat' dir='ltr'><strong>quae</strong></span> <span class='ocrx_word' id='word_1_186' title='bbox 386 3523 473 3610; x_wconf 89' lang='lat' dir='ltr'><strong>apud</strong></span> <span class='ocrx_word' id='word_1_187' title='bbox 495 3523 655 3599; x_wconf 82' lang='lat' dir='ltr'><strong>Saxones,</strong></span> <span class='ocrx_word' id='word_1_188' title='bbox 677 3543 778 3609; x_wconf 89' lang='lat' dir='ltr'><strong>quam</strong></span> <span class='ocrx_word' id='word_1_189' title='bbox 797 3545 882 3610; x_wconf 84' lang='lat' dir='ltr'><strong>quae</strong></span> <span class='ocrx_word' id='word_1_190' title='bbox 902 3524 1140 3610; x_wconf 78' lang='lat' dir='ltr'><strong>apudFrisones</strong></span> <span class='ocrx_word' id='word_1_191' title='bbox 1158 3546 1251 3611; x_wconf 90' lang='lat' dir='ltr'><strong>super</strong></span> <span class='ocrx_word' id='word_1_192' title='bbox 1271 3525 1385 3591; x_wconf 88' lang='lat' dir='ltr'><strong>haere</strong></span> <span class='ocrx_word' id='word_1_193' title='bbox 1463 3605 1464 3608; x_wconf 8' lang='grc' dir='ltr'><strong>Ἴ</strong></span> 
     </span>
     <span class='ocr_line' id='line_1_25' title="bbox 280 3632 1385 3711; baseline -0.002 -13"><span class='ocrx_word' id='word_1_194' title='bbox 280 3634 422 3698; x_wconf 74' lang='lat' dir='ltr'><strong>feruntur</strong></span> <span class='ocrx_word' id='word_1_195' title='bbox 453 3641 484 3697; x_wconf 76' lang='lat' dir='ltr'><strong>et</strong></span> <span class='ocrx_word' id='word_1_196' title='bbox 516 3632 560 3696; x_wconf 87' lang='lat' dir='ltr'><strong>ad</strong></span> <span class='ocrx_word' id='word_1_197' title='bbox 588 3651 705 3697; x_wconf 85' lang='lat' dir='ltr'><strong>manus</strong></span> <span class='ocrx_word' id='word_1_198' title='bbox 723 3651 810 3698; x_wconf 86' lang='lat' dir='ltr'><strong>meas</strong></span> <span class='ocrx_word' id='word_1_199' title='bbox 829 3643 1001 3711; x_wconf 81' lang='lat' dir='ltr'><strong>venerunt,</strong></span> <span class='ocrx_word' id='word_1_200' title='bbox 1033 3643 1065 3698; x_wconf 84' lang='lat' dir='ltr'><strong>et</strong></span> <span class='ocrx_word' id='word_1_201' title='bbox 1086 3633 1140 3697; x_wconf 92' lang='lat' dir='ltr'><strong>ubi</strong></span> <span class='ocrx_word' id='word_1_202' title='bbox 1162 3632 1282 3699; x_wconf 87' lang='lat' dir='ltr'><strong>diversa</strong></span> <span class='ocrx_word' id='word_1_203' title='bbox 1303 3652 1385 3698; x_wconf 86' lang='lat' dir='ltr'><strong>con·</strong></span> 
     </span>
     <span class='ocr_line' id='line_1_26' title="bbox 282 3740 1385 3828; baseline -0.002 -20"><span class='ocrx_word' id='word_1_204' title='bbox 282 3741 418 3808; x_wconf 83' lang='lat' dir='ltr'><strong>cordere</strong></span> <span class='ocrx_word' id='word_1_205' title='bbox 448 3740 640 3825; x_wconf 84' lang='lat' dir='ltr'><strong>nequivero,</strong></span> <span class='ocrx_word' id='word_1_206' title='bbox 675 3741 802 3805; x_wconf 77' lang='lat' dir='ltr'><strong>lectoris</strong></span> <span class='ocrx_word' id='word_1_207' title='bbox 833 3741 952 3806; x_wconf 92' lang='lat' dir='ltr'><strong>iudicio</strong></span> <span class='ocrx_word' id='word_1_208' title='bbox 984 3743 1181 3828; x_wconf 86' lang='lat' dir='ltr'><strong>relinquam,</strong></span> <span class='ocrx_word' id='word_1_209' title='bbox 1215 3753 1252 3806; x_wconf 84' lang='lat' dir='ltr'><strong>ut</strong></span> <span class='ocrx_word' id='word_1_210' title='bbox 1286 3761 1385 3828; x_wconf 87' lang='lat' dir='ltr'><strong>quam</strong></span> 
     </span>
     <span class='ocr_line' id='line_1_27' title="bbox 281 3847 1462 3942; baseline -0.002 -26"><span class='ocrx_word' id='word_1_211' title='bbox 281 3849 412 3917; x_wconf 78' lang='lat' dir='ltr'><strong>voluerit</strong></span> <span class='ocrx_word' id='word_1_212' title='bbox 433 3857 556 3933; x_wconf 73' lang='lat' dir='ltr'><strong>partem</strong></span> <span class='ocrx_word' id='word_1_213' title='bbox 588 3859 748 3933; x_wconf 75' lang='lat' dir='ltr'><strong>sequatur.</strong></span> <span class='ocrx_word' id='word_1_214' title='bbox 791 3847 861 3913; x_wconf 82' lang='lat' dir='ltr'><strong>Hoc</strong></span> <span class='ocrx_word' id='word_1_215' title='bbox 889 3848 1026 3935; x_wconf 90' lang='lat' dir='ltr'><strong>primum</strong></span> <span class='ocrx_word' id='word_1_216' title='bbox 1056 3849 1311 3936; x_wconf 77' lang='lat' dir='ltr'><strong>praemittendo,</strong></span> <span class='ocrx_word' id='word_1_217' title='bbox 1344 3851 1385 3914; x_wconf 93' lang='lat' dir='ltr'><strong>de</strong></span> <span class='ocrx_word' id='word_1_218' title='bbox 1457 3929 1462 3942; x_wconf 93' lang='lat'><strong>.</strong></span> 
     </span>
     <span class='ocr_line' id='line_1_28' title="bbox 280 3954 1386 4044; baseline 0.001 -21"><span class='ocrx_word' id='word_1_219' title='bbox 280 3969 354 4024; x_wconf 77' lang='lat' dir='ltr'><strong>ortu</strong></span> <span class='ocrx_word' id='word_1_220' title='bbox 393 3958 559 4023; x_wconf 84' lang='lat' dir='ltr'><strong>Frisonnm</strong></span> <span class='ocrx_word' id='word_1_221' title='bbox 590 3954 673 4020; x_wconf 86' lang='lat' dir='ltr'><strong>duae</strong></span> <span class='ocrx_word' id='word_1_222' title='bbox 705 3956 909 4023; x_wconf 71' lang='lat' dir='ltr'><strong>inveniuntur</strong></span> <span class='ocrx_word' id='word_1_223' title='bbox 939 3959 1026 4044; x_wconf 85' lang='lat' dir='ltr'><strong>apud</strong></span> <span class='ocrx_word' id='word_1_224' title='bbox 1054 3958 1200 4026; x_wconf 80' lang='lat' dir='ltr'><strong>Frisones</strong></span> <span class='ocrx_word' id='word_1_225' title='bbox 1230 3960 1386 4025; x_wconf 77' lang='lat' dir='ltr'><strong>editiones</strong></span> 
     </span>
     <span class='ocr_line' id='line_1_29' title="bbox 280 4063 1382 4154; baseline 0.003 -23"><span class='ocrx_word' id='word_1_226' title='bbox 280 4069 385 4154; x_wconf 77' lang='lat' dir='ltr'><strong>patrio</strong></span> <span class='ocrx_word' id='word_1_227' title='bbox 405 4085 551 4130; x_wconf 88' lang='lat' dir='ltr'><strong>sermone</strong></span> <span class='ocrx_word' id='word_1_228' title='bbox 571 4065 787 4150; x_wconf 77' lang='lat' dir='ltr'><strong>conscriptae,</strong></span> <span class='ocrx_word' id='word_1_229' title='bbox 809 4085 877 4130; x_wconf 92' lang='lat' dir='ltr'><strong>non</strong></span> <span class='ocrx_word' id='word_1_230' title='bbox 899 4072 1035 4132; x_wconf 86' lang='lat' dir='ltr'><strong>omnino</strong></span> <span class='ocrx_word' id='word_1_231' title='bbox 1053 4063 1382 4143; x_wconf 75' lang='lat' dir='ltr'><strong>intersecoucordes,</strong></span> 
     </span>
     <span class='ocr_line' id='line_1_30' title="bbox 282 4176 1054 4263; baseline 0.003 -20"><span class='ocrx_word' id='word_1_232' title='bbox 282 4195 418 4262; x_wconf 90' lang='lat' dir='ltr'><strong>quarum</strong></span> <span class='ocrx_word' id='word_1_233' title='bbox 438 4177 575 4263; x_wconf 81' lang='lat' dir='ltr'><strong>singulas</strong></span> <span class='ocrx_word' id='word_1_234' title='bbox 595 4176 761 4263; x_wconf 87' lang='lat' dir='ltr'><strong>opiniones</strong></span> <span class='ocrx_word' id='word_1_235' title='bbox 781 4197 902 4262; x_wconf 90' lang='lat' dir='ltr'><strong>ponere</strong></span> <span class='ocrx_word' id='word_1_236' title='bbox 923 4176 1054 4245; x_wconf 84' lang='lat' dir='ltr'><strong>curabo.</strong></span> 
     </span>
    </p>
   </div>
   <div class='ocr_carea' id='block_1_5' title="bbox 0 0 1480 5144">
    <p class='ocr_par' dir='ltr' id='par_1_5' title="bbox 0 0 1480 5144">
     <span class='ocr_line' id='line_1_31' title="bbox 0 0 1480 5144; baseline 0 0"><span class='ocrx_word' id='word_1_237' title='bbox 0 0 1480 5144; x_wconf 95' lang='lat' dir='ltr'><strong> </strong></span> 
     </span>
    </p>
   </div>
  </div>
 </body>
</html>
