2916 5150
269 490 329 554 lto
704 487 921 554 WORPEIII

214 721 218 726 ,
265 676 423 743 pugnare,
446 656 536 722 solvit
558 654 773 729 obsidionem.
798 666 828 720 et
848 657 918 720 fixis
940 657 1046 721 castris
1067 655 1128 720 suis
1147 653 1371 720 iuxtaCovor·

265 764 353 828 diam
383 762 585 848 exspectabat
607 761 781 828 adventum
800 763 961 847 epiecopi3
994 765 1038 828 ita
1059 763 1150 849 quod
1173 773 1275 826 tamen
1300 783 1372 824 una

263 871 379 957 palude
400 872 443 936 ad
464 869 629 934 dimidium
650 870 771 934 miliare
791 871 873 947 lata,
908 892 1029 956 aquosa
1050 880 1080 935 et
1102 870 1221 953 plana,
1244 867 1372 932 exerei-

264 992 314 1045 tus
342 979 420 1044 hinc
451 979 524 1043 inde
556 978 765 1047 dividebatur.
820 979 913 1043 Unde
946 979 1079 1044 difficilis
1110 989 1140 1042 et
1173 977 1371 1061 periculosus

263 1097 331 1151 erat
360 1086 508 1151 exercitui
538 1086 677 1169 episcopi
711 1086 859 1148 transitus
891 1087 933 1149 ad
965 1088 1077 1171 ipsum.
1119 1087 1224 1148 Altera
1258 1093 1370 1146 autem

264 1194 315 1256 die
345 1195 430 1257 circa
462 1213 609 1256 auroram
640 1192 722 1256 datis
752 1193 843 1276 signis
874 1195 969 1279 surgit
992 1194 1097 1258 omnis
1117 1193 1257 1277 episcopi
1276 1212 1371 1256 exer·

263 1308 361 1377 citus,
397 1300 507 1365 rolens
536 1320 594 1382 per
614 1297 763 1383 paludem
787 1299 988 1384 praedictam
1012 1299 1115 1384 (cuius
1135 1301 1218 1364 forte
1237 1299 1370 1382 ignora·

262 1411 319 1474 bat
351 1418 407 1473 aut
439 1429 510 1472 non
544 1406 732 1471 attendebat
764 1408 951 1492 periculum)
985 1406 1193 1492 Rodolpbum
1226 1404 1371 1491 aggredi.

263 1517 500 1581 Descenderunt
521 1535 629 1580 omnes
648 1518 684 1578 in
704 1515 899 1600 profundum
917 1516 1165 1602 luti.quotquot
1176 1513 1373 1578 intraverant

263 1624 364 1687 nimio
396 1643 556 1686 armorum
589 1622 729 1706 pondere
760 1624 900 1708 gravati,
935 1645 1017 1709 quos
1048 1644 1156 1688 omnes
1176 1621 1373 1706 Rodolphus

262 1733 428 1815 iugulem,
464 1740 605 1794 caeteros
636 1730 792 1814 fagientes
812 1741 993 1814 persecutus
1015 1742 1078 1808 est,
1113 1733 1227 1796 multos
1246 1731 1370 1794 interfi-

264 1838 367 1914 ciens,
391 1835 445 1900 sed
474 1836 579 1918 plures
599 1837 736 1918 capiens
779 1836 818 1898 Et
838 1836 882 1899 sic
903 1836 994 1900 rediit
1017 1859 1091 1902 cum
1112 1839 1216 1924 spoliis
1235 1848 1266 1903 et
1285 1859 1370 1922 cap·

264 1945 334 2008 tivis
354 1944 457 2006 multis
488 1942 688 2008 Covordiam.
732 1943 850 2026 Captus
881 1953 927 2007 est
947 1945 1027 2009 inter
1049 1957 1190 2011 caeteros
1211 1946 1373 2010 Gerardus

265 2052 331 2118 dux
352 2052 492 2127 (lebias,
516 2051 662 2115 dominus
683 2049 850 2134 Gysbertus
871 2051 912 2115 de
929 2054 1055 2120 Amstel.
1089 2052 1240 2119 Ottonem
1263 2065 1373 2120 autem

266 2160 449 2245 episcopum
470 2159 662 2224 invenerunt
682 2159 713 2223 in
735 2160 801 2243 ipsa
822 2159 953 2243 palude,
967 2163 1055 2225 cuins
1076 2165 1188 2248 capitis
1207 2176 1374 2229 tonsuram

266 2269 377 2354 gladiis
396 2269 458 2332 sitis
479 2268 672 2332 atrocissime
691 2269 951 2344 excoriaverunt,
977 2281 1074 2356 atque
1096 2273 1197 2337 multis
1220 2273 1372 2338 affectum

266 2376 406 2442 ludibriis
434 2386 464 2439 et
495 2375 608 2459 poenis
636 2373 870 2440 submerserunt
899 2379 934 2440 in
967 2381 1215 2447 immundissima
1237 2383 1369 2467 palude.
1456 2409 1457 2416 ³

266 2482 452 2549 Ceciderunt
473 2483 506 2547 in
528 2482 581 2545 illo
602 2482 776 2546 certamine
797 2484 964 2568 quingenti
985 2488 1074 2552 electi
1097 2489 1163 2554 viri.

317 2964 376 3021 Ιο
394 2962 608 3018 witer-ando
626 2963 811 3045 episeopo
830 2966 975 3023 eteius
993 2968 1156 3035 proellis
1175 2973 1316 3027 contra

350 3054 597 3122 ltouolptmm
615 3055 894 3125 castellanam,
915 3060 957 3114 et
975 3059 1024 3117 dc
1042 3064 1166 3119 morte
1184 3067 1289 3124 etus·

653 3146 740 3204 dem
764 3149 976 3220 Bodolpht.

699 3347 787 3411 cat).
813 3349 955 3417 XXVIII.

304 3559 430 3628 lllortuo
451 3561 567 3626 Ottone
589 3562 757 3646 episcopo,
781 3565 897 3630 electus
918 3578 962 3631 est
986 3569 1182 3636 Wibrandus
1202 3576 1370 3661 episcopus

262 3670 529 3746 Padebornensis‚
555 3670 636 3733 filius
657 3672 779 3736 comitis
800 3673 841 3737 de
862 3674 1077 3757 Oldenburch‚
1102 3704 1181 3746 xxxv
1202 3685 1371 3770 episcopus

262 3777 478 3842 Traiectensis.
534 3775 615 3856 Qui,
660 3778 706 3840 vir
735 3780 873 3862 prudens
906 3793 936 3846 et
970 3787 1164 3866 industrius,
1203 3792 1371 3859 inveniens

262 3885 426 3952 ecclesiam
457 3884 688 3949 Traiecteuscm
709 3889 770 3950 suis
791 3886 885 3952 bonis
904 3901 936 3955 et
958 3895 1077 3960 iuribus
1097 3900 1284 3982 spoliatam,
1307 3904 1368 3968 do·

261 3994 391 4079 lensque
431 3993 471 4056 de
515 4002 617 4058 morte
650 3993 777 4060 Ottonis
810 4003 1015 4066 antecessoris
1046 4007 1113 4082 sui,
1160 4031 1232 4073 com
1264 4013 1369 4075 multis

263 4099 421 4165 nobilibus
457 4102 659 4189 honestisque
690 4104 837 4169 militibus
867 4129 886 4170 a
916 4109 1125 4178 'l'rentonIbus
1139 4123 1142 4128 '
1158 4119 1369 4184 crudelissime

262 4207 450 4284 interiectis,
474 4213 607 4294 perrexit
627 4213 660 4275 in
681 4214 880 4301 Groningcn.
914 4217 951 4282 Et
974 4239 1061 4285 anno
1083 4224 1209 4291 Domini
1231 4249 1368 4296 mccxxx
