<?xml version="1.0" encoding="UTF-8"?>
<!DOCTYPE html PUBLIC "-//W3C//DTD XHTML 1.0 Transitional//EN"
    "http://www.w3.org/TR/xhtml1/DTD/xhtml1-transitional.dtd">
<html xmlns="http://www.w3.org/1999/xhtml" xml:lang="en" lang="en">
 <head>
  <title>
</title>
<meta http-equiv="Content-Type" content="text/html;charset=utf-8" />
  <meta name='ocr-system' content='tesseract 3.04.00' />
  <meta name='ocr-capabilities' content='ocr_page ocr_carea ocr_par ocr_line ocrx_word'/>
</head>
<body>
  <div class='ocr_page' id='page_1' title='image "./worperityaerdae00worpgoog_0071.png"; bbox 0 0 2950 5144; ppageno 0'>
   <div class='ocr_carea' id='block_1_1' title="bbox 469 469 1161 542">
    <p class='ocr_par' dir='ltr' id='par_1_1' title="bbox 469 469 1161 542">
     <span class='ocr_line' id='line_1_1' title="bbox 469 469 1161 542; baseline -0.012 -7"><span class='ocrx_word' id='word_1_1' title='bbox 469 469 718 540; x_wconf 77' lang='lat' dir='ltr'><strong>canonicor.</strong></span> <span class='ocrx_word' id='word_1_2' title='bbox 1118 478 1161 542; x_wconf 69' lang='lat' dir='ltr'><strong>,a</strong></span> 
     </span>
    </p>
   </div>
   <div class='ocr_carea' id='block_1_2' title="bbox 2 629 1239 3873">
    <p class='ocr_par' dir='ltr' id='par_1_2' title="bbox 1 629 1239 3873">
     <span class='ocr_line' id='line_1_2' title="bbox 2 629 1163 726; baseline 0.003 -19"><span class='ocrx_word' id='word_1_3' title='bbox 2 629 3 632; x_wconf 27' lang='lat'>¹</span> <span class='ocrx_word' id='word_1_4' title='bbox 39 641 211 726; x_wconf 82' lang='lat' dir='ltr'><strong>praelatus</strong></span> <span class='ocrx_word' id='word_1_5' title='bbox 241 637 331 704; x_wconf 85' lang='lat' dir='ltr'><strong>dedit</strong></span> <span class='ocrx_word' id='word_1_6' title='bbox 363 637 467 704; x_wconf 79' lang='lat' dir='ltr'><strong>vicum</strong></span> <span class='ocrx_word' id='word_1_7' title='bbox 488 638 644 705; x_wconf 87' lang='lat' dir='ltr'><strong>Werdam</strong></span> <span class='ocrx_word' id='word_1_8' title='bbox 663 641 697 706; x_wconf 90' lang='lat' dir='ltr'><strong>in</strong></span> <span class='ocrx_word' id='word_1_9' title='bbox 717 641 819 708; x_wconf 86' lang='lat' dir='ltr'><strong>littora</strong></span> <span class='ocrx_word' id='word_1_10' title='bbox 839 641 969 718; x_wconf 85' lang='lat' dir='ltr'><strong>Rbeni,</strong></span> <span class='ocrx_word' id='word_1_11' title='bbox 1003 642 1058 708; x_wconf 92' lang='lat' dir='ltr'><strong>ubi</strong></span> <span class='ocrx_word' id='word_1_12' title='bbox 1078 664 1163 710; x_wconf 91' lang='lat' dir='ltr'><strong>con·</strong></span> 
     </span>
     <span class='ocr_line' id='line_1_3' title="bbox 42 746 1159 834; baseline 0.004 -20"><span class='ocrx_word' id='word_1_13' title='bbox 42 751 148 814; x_wconf 88' lang='lat' dir='ltr'><strong>tiuuo</strong></span> <span class='ocrx_word' id='word_1_14' title='bbox 175 753 221 811; x_wconf 83' lang='lat' dir='ltr'><strong>vir</strong></span> <span class='ocrx_word' id='word_1_15' title='bbox 244 747 299 812; x_wconf 78' lang='lat' dir='ltr'><strong>liei</strong></span> <span class='ocrx_word' id='word_1_16' title='bbox 319 746 436 812; x_wconf 85' lang='lat' dir='ltr'><strong>auxilio</strong></span> <span class='ocrx_word' id='word_1_17' title='bbox 456 756 488 812; x_wconf 89' lang='lat' dir='ltr'><strong>et</strong></span> <span class='ocrx_word' id='word_1_18' title='bbox 509 747 663 818; x_wconf 83' lang='lat' dir='ltr'><strong>industria</strong></span> <span class='ocrx_word' id='word_1_19' title='bbox 684 749 811 834; x_wconf 89' lang='lat' dir='ltr'><strong>Pippini</strong></span> <span class='ocrx_word' id='word_1_20' title='bbox 831 759 863 815; x_wconf 90' lang='lat' dir='ltr'><strong>et</strong></span> <span class='ocrx_word' id='word_1_21' title='bbox 883 750 1055 816; x_wconf 86' lang='lat' dir='ltr'><strong>Plectrudis</strong></span> <span class='ocrx_word' id='word_1_22' title='bbox 1076 773 1159 818; x_wconf 86' lang='lat' dir='ltr'><strong>con·</strong></span> 
     </span>
     <span class='ocr_line' id='line_1_4' title="bbox 2 854 1159 942; baseline 0.007 -19"><span class='ocrx_word' id='word_1_23' title='bbox 2 885 3 888; x_wconf 40' lang='lat'>¹</span> <span class='ocrx_word' id='word_1_24' title='bbox 42 859 160 923; x_wconf 76' lang='lat' dir='ltr'><strong>struxit</strong></span> <span class='ocrx_word' id='word_1_25' title='bbox 192 855 423 920; x_wconf 83' lang='lat' dir='ltr'><strong>monasterium</strong></span> <span class='ocrx_word' id='word_1_26' title='bbox 451 856 485 919; x_wconf 92' lang='lat' dir='ltr'><strong>in</strong></span> <span class='ocrx_word' id='word_1_27' title='bbox 514 854 667 922; x_wconf 79' lang='lat' dir='ltr'><strong>bonoram</strong></span> <span class='ocrx_word' id='word_1_28' title='bbox 699 857 854 942; x_wconf 72' lang='lat' dir='ltr'><strong>gloriosae</strong></span> <span class='ocrx_word' id='word_1_29' title='bbox 884 858 1012 942; x_wconf 74' lang='lat' dir='ltr'><strong>virginis</strong></span> <span class='ocrx_word' id='word_1_30' title='bbox 1032 860 1159 931; x_wconf 88' lang='lat' dir='ltr'><strong>llariae.</strong></span> 
     </span>
     <span class='ocr_line' id='line_1_5' title="bbox 44 963 1159 1056; baseline 0.005 -25"><span class='ocrx_word' id='word_1_31' title='bbox 44 968 86 1031; x_wconf 87' lang='lat' dir='ltr'><strong>Iu</strong></span> <span class='ocrx_word' id='word_1_32' title='bbox 119 985 194 1052; x_wconf 86' lang='lat' dir='ltr'><strong>quo</strong></span> <span class='ocrx_word' id='word_1_33' title='bbox 227 964 362 1030; x_wconf 87' lang='lat' dir='ltr'><strong>collecto</strong></span> <span class='ocrx_word' id='word_1_34' title='bbox 394 966 522 1049; x_wconf 82' lang='lat' dir='ltr'><strong>agmine</strong></span> <span class='ocrx_word' id='word_1_35' title='bbox 552 963 683 1042; x_wconf 85' lang='lat' dir='ltr'><strong>Christi,</strong></span> <span class='ocrx_word' id='word_1_36' title='bbox 707 967 855 1052; x_wconf 72' lang='lat' dir='ltr'><strong>repalaris</strong></span> <span class='ocrx_word' id='word_1_37' title='bbox 876 987 930 1032; x_wconf 84' lang='lat' dir='ltr'><strong>eoa</strong></span> <span class='ocrx_word' id='word_1_38' title='bbox 951 967 1034 1034; x_wconf 85' lang='lat' dir='ltr'><strong>ritae</strong></span> <span class='ocrx_word' id='word_1_39' title='bbox 1054 972 1159 1056; x_wconf 85' lang='lat' dir='ltr'><strong>coepit</strong></span> 
     </span>
     <span class='ocr_line' id='line_1_6' title="bbox 44 1072 1160 1160; baseline 0.006 -21"><span class='ocrx_word' id='word_1_40' title='bbox 44 1076 213 1140; x_wconf 71' lang='lat' dir='ltr'>instituere</span> <span class='ocrx_word' id='word_1_41' title='bbox 234 1072 420 1157; x_wconf 87' lang='lat' dir='ltr'><strong>disciplinis,</strong></span> <span class='ocrx_word' id='word_1_42' title='bbox 444 1091 524 1136; x_wconf 88' lang='lat' dir='ltr'><strong>non·</strong></span> <span class='ocrx_word' id='word_1_43' title='bbox 536 1073 701 1160; x_wconf 79' lang='lat' dir='ltr'><strong>rigorosis,</strong></span> <span class='ocrx_word' id='word_1_44' title='bbox 735 1075 790 1138; x_wconf 89' lang='lat' dir='ltr'><strong>sed</strong></span> <span class='ocrx_word' id='word_1_45' title='bbox 811 1095 892 1159; x_wconf 88' lang='lat' dir='ltr'><strong>quas</strong></span> <span class='ocrx_word' id='word_1_46' title='bbox 912 1074 1007 1140; x_wconf 88' lang='lat' dir='ltr'><strong>rudes</strong></span> <span class='ocrx_word' id='word_1_47' title='bbox 1026 1087 1058 1144; x_wconf 85' lang='lat' dir='ltr'><strong>et</strong></span> <span class='ocrx_word' id='word_1_48' title='bbox 1079 1098 1160 1146; x_wconf 87' lang='lat' dir='ltr'><strong>nec·</strong></span> 
     </span>
     <span class='ocr_line' id='line_1_7' title="bbox 46 1181 1160 1270; baseline 0.007 -24"><span class='ocrx_word' id='word_1_49' title='bbox 46 1183 139 1270; x_wconf 74' lang='lat' dir='ltr'><strong>phyti</strong></span> <span class='ocrx_word' id='word_1_50' title='bbox 159 1202 279 1268; x_wconf 89' lang='lat' dir='ltr'><strong>capere</strong></span> <span class='ocrx_word' id='word_1_51' title='bbox 298 1192 329 1245; x_wconf 88' lang='lat' dir='ltr'><strong>et</strong></span> <span class='ocrx_word' id='word_1_52' title='bbox 351 1181 509 1248; x_wconf 85' lang='lat' dir='ltr'><strong>custodire</strong></span> <span class='ocrx_word' id='word_1_53' title='bbox 528 1191 696 1266; x_wconf 88' lang='lat' dir='ltr'><strong>poterant,</strong></span> <span class='ocrx_word' id='word_1_54' title='bbox 719 1183 805 1248; x_wconf 78' lang='lat' dir='ltr'><strong>iuxta</strong></span> <span class='ocrx_word' id='word_1_55' title='bbox 827 1181 954 1248; x_wconf 86' lang='lat' dir='ltr'><strong>verbum</strong></span> <span class='ocrx_word' id='word_1_56' title='bbox 976 1185 1030 1250; x_wconf 86' lang='lat' dir='ltr'><strong>Dei</strong></span> <span class='ocrx_word' id='word_1_57' title='bbox 1051 1187 1160 1254; x_wconf 90' lang='lat' dir='ltr'><strong>dican·</strong></span> 
     </span>
     <span class='ocr_line' id='line_1_8' title="bbox 47 1291 1159 1377; baseline 0.004 -20"><span class='ocrx_word' id='word_1_58' title='bbox 47 1293 108 1357; x_wconf 84' lang='lat' dir='ltr'><strong>tis:</strong></span> <span class='ocrx_word' id='word_1_59' title='bbox 141 1292 257 1376; x_wconf 74' lang='lat' dir='ltr'><strong>Iugum</strong></span> <span class='ocrx_word' id='word_1_60' title='bbox 287 1309 393 1355; x_wconf 88' lang='lat' dir='ltr'><strong>meum</strong></span> <span class='ocrx_word' id='word_1_61' title='bbox 413 1311 507 1355; x_wconf 82' lang='lat' dir='ltr'><strong>suave</strong></span> <span class='ocrx_word' id='word_1_62' title='bbox 527 1301 572 1355; x_wconf 87' lang='lat' dir='ltr'><strong>est</strong></span> <span class='ocrx_word' id='word_1_63' title='bbox 592 1300 624 1355; x_wconf 89' lang='lat' dir='ltr'><strong>at</strong></span> <span class='ocrx_word' id='word_1_64' title='bbox 644 1310 728 1354; x_wconf 87' lang='lat' dir='ltr'><strong>onus</strong></span> <span class='ocrx_word' id='word_1_65' title='bbox 748 1310 852 1354; x_wconf 87' lang='lat' dir='ltr'><strong>meum</strong></span> <span class='ocrx_word' id='word_1_66' title='bbox 874 1291 950 1357; x_wconf 84' lang='lat' dir='ltr'><strong>leve.</strong></span> <span class='ocrx_word' id='word_1_67' title='bbox 992 1293 1064 1377; x_wconf 86' lang='lat' dir='ltr'><strong>lpse</strong></span> <span class='ocrx_word' id='word_1_68' title='bbox 1083 1315 1159 1362; x_wconf 83' lang='lat' dir='ltr'><strong>vero</strong></span> 
     </span>
     <span class='ocr_line' id='line_1_9' title="bbox 47 1396 1157 1490; baseline -0.001 -25"><span class='ocrx_word' id='word_1_69' title='bbox 47 1421 133 1465; x_wconf 89' lang='lat' dir='ltr'><strong>cum</strong></span> <span class='ocrx_word' id='word_1_70' title='bbox 152 1399 250 1464; x_wconf 85' lang='lat' dir='ltr'><strong>beato</strong></span> <span class='ocrx_word' id='word_1_71' title='bbox 269 1398 401 1490; x_wconf 88' lang='lat' dir='ltr'><strong>Villeico</strong></span> <span class='ocrx_word' id='word_1_72' title='bbox 422 1398 604 1484; x_wconf 83' lang='lat' dir='ltr'><strong>presbytero</strong></span> <span class='ocrx_word' id='word_1_73' title='bbox 626 1399 821 1485; x_wconf 86' lang='lat' dir='ltr'><strong>caeterisque</strong></span> <span class='ocrx_word' id='word_1_74' title='bbox 839 1397 960 1464; x_wconf 76' lang='lat' dir='ltr'><strong>devotis</strong></span> <span class='ocrx_word' id='word_1_75' title='bbox 981 1396 1157 1485; x_wconf 73' lang='lat' dir='ltr'><strong>discipulis,</strong></span> 
     </span>
     <span class='ocr_line' id='line_1_10' title="bbox 47 1505 1160 1593; baseline 0 -21"><span class='ocrx_word' id='word_1_76' title='bbox 47 1507 113 1572; x_wconf 88' lang='lat' dir='ltr'><strong>sub</strong></span> <span class='ocrx_word' id='word_1_77' title='bbox 134 1507 262 1573; x_wconf 85' lang='lat' dir='ltr'><strong>arctiori</strong></span> <span class='ocrx_word' id='word_1_78' title='bbox 283 1507 408 1592; x_wconf 75' lang='lat' dir='ltr'><strong>regulae</strong></span> <span class='ocrx_word' id='word_1_79' title='bbox 428 1505 524 1593; x_wconf 77' lang='lat' dir='ltr'><strong>iugo,</strong></span> <span class='ocrx_word' id='word_1_80' title='bbox 547 1507 774 1571; x_wconf 76' lang='lat' dir='ltr'><strong>sanctissimam</strong></span> <span class='ocrx_word' id='word_1_81' title='bbox 795 1517 826 1572; x_wconf 91' lang='lat' dir='ltr'><strong>et</strong></span> <span class='ocrx_word' id='word_1_82' title='bbox 848 1506 1160 1573; x_wconf 80' lang='lat' dir='ltr'><strong>continentissimam</strong></span> 
     </span>
     <span class='ocr_line' id='line_1_11' title="bbox 49 1613 1159 1700; baseline -0.001 -18"><span class='ocrx_word' id='word_1_83' title='bbox 49 1616 146 1682; x_wconf 76' lang='lat' dir='ltr'><strong>vitam</strong></span> <span class='ocrx_word' id='word_1_84' title='bbox 190 1615 300 1692; x_wconf 81' lang='lat' dir='ltr'><strong>duxit,</strong></span> <span class='ocrx_word' id='word_1_85' title='bbox 336 1615 441 1680; x_wconf 85' lang='lat' dir='ltr'><strong>multia</strong></span> <span class='ocrx_word' id='word_1_86' title='bbox 482 1613 634 1700; x_wconf 75' lang='lat' dir='ltr'><strong>prodigiis</strong></span> <span class='ocrx_word' id='word_1_87' title='bbox 667 1624 699 1680; x_wconf 87' lang='lat' dir='ltr'><strong>et</strong></span> <span class='ocrx_word' id='word_1_88' title='bbox 731 1614 889 1680; x_wconf 75' lang='lat' dir='ltr'><strong>miraculis</strong></span> <span class='ocrx_word' id='word_1_89' title='bbox 920 1634 1014 1698; x_wconf 76' lang='lat' dir='ltr'><strong>saper</strong></span> <span class='ocrx_word' id='word_1_90' title='bbox 1044 1625 1159 1680; x_wconf 83' lang='lat' dir='ltr'><strong>terram</strong></span> 
     </span>
     <span class='ocr_line' id='line_1_12' title="bbox 49 1723 1158 1809; baseline 0.001 -21"><span class='ocrx_word' id='word_1_91' title='bbox 49 1723 279 1799; x_wconf 85' lang='lat' dir='ltr'><strong>coruscando,</strong></span> <span class='ocrx_word' id='word_1_92' title='bbox 320 1723 498 1809; x_wconf 85' lang='lat' dir='ltr'><strong>multosque</strong></span> <span class='ocrx_word' id='word_1_93' title='bbox 537 1723 682 1788; x_wconf 88' lang='lat' dir='ltr'><strong>infideles</strong></span> <span class='ocrx_word' id='word_1_94' title='bbox 711 1723 839 1788; x_wconf 89' lang='lat' dir='ltr'><strong>actione</strong></span> <span class='ocrx_word' id='word_1_95' title='bbox 869 1732 901 1788; x_wconf 91' lang='lat' dir='ltr'><strong>et</strong></span> <span class='ocrx_word' id='word_1_96' title='bbox 931 1723 1082 1788; x_wconf 85' lang='lat' dir='ltr'><strong>doctrina</strong></span> <span class='ocrx_word' id='word_1_97' title='bbox 1114 1723 1158 1789; x_wconf 91' lang='lat' dir='ltr'><strong>ad</strong></span> 
     </span>
     <span class='ocr_line' id='line_1_13' title="bbox 49 1829 1159 1925; baseline 0.002 -29"><span class='ocrx_word' id='word_1_98' title='bbox 49 1831 147 1896; x_wconf 87' lang='lat' dir='ltr'><strong>fidem</strong></span> <span class='ocrx_word' id='word_1_99' title='bbox 183 1829 294 1897; x_wconf 88' lang='lat' dir='ltr'><strong>Christi</strong></span> <span class='ocrx_word' id='word_1_100' title='bbox 327 1830 557 1896; x_wconf 84' lang='lat' dir='ltr'><strong>convertendo.</strong></span> <span class='ocrx_word' id='word_1_101' title='bbox 600 1831 740 1896; x_wconf 89' lang='lat' dir='ltr'><strong>&#39;landem</strong></span> <span class='ocrx_word' id='word_1_102' title='bbox 772 1850 864 1896; x_wconf 87' lang='lat' dir='ltr'><strong>anno</strong></span> <span class='ocrx_word' id='word_1_103' title='bbox 891 1831 1018 1896; x_wconf 85' lang='lat' dir='ltr'><strong>Domini</strong></span> <span class='ocrx_word' id='word_1_104' title='bbox 1039 1831 1159 1925; x_wconf 67' lang='lat' dir='ltr'><strong>viifxvii</strong></span> 
     </span>
     <span class='ocr_line' id='line_1_14' title="bbox 49 1938 1159 2025; baseline 0 -21"><span class='ocrx_word' id='word_1_105' title='bbox 49 1939 265 2025; x_wconf 60' lang='lat' dir='ltr'><strong>sanctinimus</strong></span> <span class='ocrx_word' id='word_1_106' title='bbox 296 1938 492 2006; x_wconf 84' lang='lat' dir='ltr'><strong>Swidbartus</strong></span> <span class='ocrx_word' id='word_1_107' title='bbox 521 1938 700 2004; x_wconf 86' lang='lat' dir='ltr'><strong>Werdansis</strong></span> <span class='ocrx_word' id='word_1_108' title='bbox 731 1940 897 2024; x_wconf 81' lang='lat' dir='ltr'><strong>episcopus</strong></span> <span class='ocrx_word' id='word_1_109' title='bbox 927 1939 1040 2023; x_wconf 89' lang='lat' dir='ltr'><strong>plenus</strong></span> <span class='ocrx_word' id='word_1_110' title='bbox 1060 1941 1159 2006; x_wconf 81' lang='lat' dir='ltr'><strong>virtu·</strong></span> 
     </span>
     <span class='ocr_line' id='line_1_15' title="bbox 48 2039 1239 2134; baseline 0 -20"><span class='ocrx_word' id='word_1_111' title='bbox 48 2039 135 2114; x_wconf 80' lang='lat' dir='ltr'><strong>tibus</strong></span> <span class='ocrx_word' id='word_1_112' title='bbox 156 2048 301 2134; x_wconf 76' lang='lat' dir='ltr'><strong>migrarit</strong></span> <span class='ocrx_word' id='word_1_113' title='bbox 323 2046 365 2112; x_wconf 94' lang='lat' dir='ltr'><strong>ad</strong></span> <span class='ocrx_word' id='word_1_114' title='bbox 383 2047 576 2121; x_wconf 86' lang='lat' dir='ltr'><strong>Dominum,</strong></span> <span class='ocrx_word' id='word_1_115' title='bbox 600 2065 688 2109; x_wconf 90' lang='lat' dir='ltr'><strong>anno</strong></span> <span class='ocrx_word' id='word_1_116' title='bbox 708 2047 820 2111; x_wconf 86' lang='lat' dir='ltr'><strong>aetatis</strong></span> <span class='ocrx_word' id='word_1_117' title='bbox 838 2066 913 2110; x_wconf 75' lang='lat' dir='ltr'><strong>suaa</strong></span> <span class='ocrx_word' id='word_1_118' title='bbox 933 2047 995 2111; x_wconf 86' lang='lat' dir='ltr'><strong>lxix</strong></span> <span class='ocrx_word' id='word_1_119' title='bbox 1016 2049 1158 2114; x_wconf 84' lang='lat' dir='ltr'><strong>calendis</strong></span> <span class='ocrx_word' id='word_1_120' title='bbox 1237 2045 1239 2052; x_wconf 79' lang='grc'><strong>’</strong></span> 
     </span>
     <span class='ocr_line' id='line_1_16' title="bbox 49 2153 1157 2234; baseline -0.003 -12"><span class='ocrx_word' id='word_1_121' title='bbox 49 2157 173 2232; x_wconf 88' lang='lat' dir='ltr'><strong>llartii,</strong></span> <span class='ocrx_word' id='word_1_122' title='bbox 206 2157 243 2220; x_wconf 93' lang='lat' dir='ltr'><strong>in</strong></span> <span class='ocrx_word' id='word_1_123' title='bbox 264 2156 341 2222; x_wconf 82' lang='lat' dir='ltr'><strong>lesia</strong></span> <span class='ocrx_word' id='word_1_124' title='bbox 362 2167 470 2234; x_wconf 82' lang='lat' dir='ltr'><strong>sexta,</strong></span> <span class='ocrx_word' id='word_1_125' title='bbox 504 2166 535 2219; x_wconf 90' lang='lat' dir='ltr'><strong>et</strong></span> <span class='ocrx_word' id='word_1_126' title='bbox 556 2155 588 2219; x_wconf 92' lang='lat' dir='ltr'><strong>io</strong></span> <span class='ocrx_word' id='word_1_127' title='bbox 610 2162 773 2220; x_wconf 86' lang='lat' dir='ltr'><strong>conventu</strong></span> <span class='ocrx_word' id='word_1_128' title='bbox 793 2173 851 2216; x_wconf 88' lang='lat' dir='ltr'><strong>suo</strong></span> <span class='ocrx_word' id='word_1_129' title='bbox 874 2153 1059 2228; x_wconf 88' lang='lat' dir='ltr'><strong>Werdeusi,</strong></span> <span class='ocrx_word' id='word_1_130' title='bbox 1083 2175 1157 2219; x_wconf 91' lang='lat' dir='ltr'><strong>eum</strong></span> 
     </span>
     <span class='ocr_line' id='line_1_17' title="bbox 49 2257 1231 2351; baseline -0.008 -19"><span class='ocrx_word' id='word_1_131' title='bbox 49 2267 173 2332; x_wconf 90' lang='lat' dir='ltr'><strong>bonore</strong></span> <span class='ocrx_word' id='word_1_132' title='bbox 193 2266 362 2351; x_wconf 77' lang='lat' dir='ltr'><strong>condigno</strong></span> <span class='ocrx_word' id='word_1_133' title='bbox 381 2286 439 2351; x_wconf 88' lang='lat' dir='ltr'><strong>per</strong></span> <span class='ocrx_word' id='word_1_134' title='bbox 458 2273 602 2329; x_wconf 87' lang='lat' dir='ltr'><strong>sanetum</strong></span> <span class='ocrx_word' id='word_1_135' title='bbox 615 2259 852 2328; x_wconf 80' lang='lat' dir='ltr'><strong>willibrordum</strong></span> <span class='ocrx_word' id='word_1_136' title='bbox 863 2257 1157 2344; x_wconf 88' lang='lat' dir='ltr'><strong>archiepiscopum,</strong></span> <span class='ocrx_word' id='word_1_137' title='bbox 1227 2323 1231 2332; x_wconf 78' lang='grc'>,</span> 
     </span>
     <span class='ocr_line' id='line_1_18' title="bbox 2 2368 1158 2470; baseline -0.007 -28"><span class='ocrx_word' id='word_1_138' title='bbox 2 2425 3 2470; x_wconf 18' lang='grc' dir='ltr'>ξ</span> <span class='ocrx_word' id='word_1_139' title='bbox 48 2386 78 2442; x_wconf 89' lang='lat' dir='ltr'><strong>et</strong></span> <span class='ocrx_word' id='word_1_140' title='bbox 107 2375 283 2460; x_wconf 87' lang='lat' dir='ltr'><strong>gloriosam</strong></span> <span class='ocrx_word' id='word_1_141' title='bbox 313 2373 509 2441; x_wconf 86' lang='lat' dir='ltr'><strong>Plectrudem</strong></span> <span class='ocrx_word' id='word_1_142' title='bbox 530 2372 759 2438; x_wconf 64' lang='lat' dir='ltr'><strong>austrasiorum</strong></span> <span class='ocrx_word' id='word_1_143' title='bbox 779 2368 1020 2455; x_wconf 88' lang='lat' dir='ltr'><strong>principissam,</strong></span> <span class='ocrx_word' id='word_1_144' title='bbox 1053 2379 1158 2436; x_wconf 88' lang='lat' dir='ltr'><strong>eaete-</strong></span> 
     </span>
     <span class='ocr_line' id='line_1_19' title="bbox 2 2471 1158 2572; baseline -0.003 -26"><span class='ocrx_word' id='word_1_145' title='bbox 2 2543 3 2546; x_wconf 74' lang='grc'>,</span> <span class='ocrx_word' id='word_1_146' title='bbox 51 2505 172 2572; x_wconf 81' lang='lat' dir='ltr'><strong>rosque</strong></span> <span class='ocrx_word' id='word_1_147' title='bbox 200 2485 310 2550; x_wconf 83' lang='lat' dir='ltr'><strong>fratres</strong></span> <span class='ocrx_word' id='word_1_148' title='bbox 330 2493 361 2548; x_wconf 89' lang='lat' dir='ltr'><strong>et</strong></span> <span class='ocrx_word' id='word_1_149' title='bbox 383 2471 571 2568; x_wconf 79' lang='lat' dir='ltr'><strong>discipulos,</strong></span> <span class='ocrx_word' id='word_1_150' title='bbox 591 2479 747 2564; x_wconf 77' lang='lat' dir='ltr'><strong>sepelitur.</strong></span> <span class='ocrx_word' id='word_1_151' title='bbox 791 2478 895 2561; x_wconf 88' lang='lat' dir='ltr'><strong>Quem</strong></span> <span class='ocrx_word' id='word_1_152' title='bbox 917 2475 1066 2542; x_wconf 90' lang='lat' dir='ltr'><strong>dominus</strong></span> <span class='ocrx_word' id='word_1_153' title='bbox 1086 2488 1158 2564; x_wconf 92' lang='lat' dir='ltr'><strong>post</strong></span> 
     </span>
     <span class='ocr_line' id='line_1_20' title="bbox 2 2586 1157 2663; baseline -0.005 -5"><span class='ocrx_word' id='word_1_154' title='bbox 2 2603 3 2636; x_wconf 65' lang='lat' dir='ltr'><strong>l</strong></span> <span class='ocrx_word' id='word_1_155' title='bbox 50 2604 189 2658; x_wconf 83' lang='lat' dir='ltr'><strong>mortem</strong></span> <span class='ocrx_word' id='word_1_156' title='bbox 209 2593 339 2660; x_wconf 89' lang='lat' dir='ltr'><strong>infinitis</strong></span> <span class='ocrx_word' id='word_1_157' title='bbox 359 2592 520 2656; x_wconf 85' lang='lat' dir='ltr'><strong>illustravit</strong></span> <span class='ocrx_word' id='word_1_158' title='bbox 540 2589 719 2662; x_wconf 80' lang='lat' dir='ltr'><strong>miraculis,</strong></span> <span class='ocrx_word' id='word_1_159' title='bbox 751 2587 854 2652; x_wconf 91' lang='lat' dir='ltr'><strong>caecis</strong></span> <span class='ocrx_word' id='word_1_160' title='bbox 873 2586 1017 2652; x_wconf 79' lang='lat' dir='ltr'><strong>videlicet</strong></span> <span class='ocrx_word' id='word_1_161' title='bbox 1036 2587 1157 2663; x_wconf 82' lang='lat' dir='ltr'><strong>visum,</strong></span> 
     </span>
     <span class='ocr_line' id='line_1_21' title="bbox 52 2692 1160 2786; baseline -0.011 -15.572"><span class='ocrx_word' id='word_1_162' title='bbox 52 2701 177 2769; x_wconf 82' lang='lat' dir='ltr'><strong>claudis</strong></span> <span class='ocrx_word' id='word_1_163' title='bbox 198 2721 364 2786; x_wconf 69' lang='lat' dir='ltr'><strong>gressum,</strong></span> <span class='ocrx_word' id='word_1_164' title='bbox 407 2695 655 2765; x_wconf 75' lang='lat' dir='ltr'><strong>febricitantibus</strong></span> <span class='ocrx_word' id='word_1_165' title='bbox 684 2692 932 2759; x_wconf 79' lang='lat' dir='ltr'><strong>incolumitatem</strong></span> <span class='ocrx_word' id='word_1_166' title='bbox 964 2702 995 2756; x_wconf 93' lang='lat' dir='ltr'><strong>et</strong></span> <span class='ocrx_word' id='word_1_167' title='bbox 1026 2694 1160 2758; x_wconf 86' lang='lat' dir='ltr'><strong>infirmis</strong></span> 
     </span>
     <span class='ocr_line' id='line_1_22' title="bbox 2 2791 1157 2894; baseline -0.011 -18"><span class='ocrx_word' id='word_1_168' title='bbox 2 2791 3 2850; x_wconf 52' lang='grc' dir='ltr'>ἶ</span> <span class='ocrx_word' id='word_1_169' title='bbox 51 2813 222 2876; x_wconf 87' lang='lat' dir='ltr'><strong>sanitatem</strong></span> <span class='ocrx_word' id='word_1_170' title='bbox 264 2807 476 2894; x_wconf 89' lang='lat' dir='ltr'><strong>praestando,</strong></span> <span class='ocrx_word' id='word_1_171' title='bbox 532 2804 701 2891; x_wconf 87' lang='lat' dir='ltr'><strong>praecipue</strong></span> <span class='ocrx_word' id='word_1_172' title='bbox 744 2809 855 2864; x_wconf 90' lang='lat' dir='ltr'><strong>tamen</strong></span> <span class='ocrx_word' id='word_1_173' title='bbox 896 2799 1100 2884; x_wconf 80' lang='lat' dir='ltr'><strong>squinantico</strong></span> <span class='ocrx_word' id='word_1_174' title='bbox 1113 2799 1157 2882; x_wconf 76' lang='lat'><strong>(⁸)</strong></span> 
     </span>
     <span class='ocr_line' id='line_1_23' title="bbox 2 2907 1159 3004; baseline -0.01 -21"><span class='ocrx_word' id='word_1_175' title='bbox 2 2935 7 2952; x_wconf 74' lang='lat'><em>*</em></span> <span class='ocrx_word' id='word_1_176' title='bbox 52 2918 161 2986; x_wconf 91' lang='lat' dir='ltr'><strong>morbi</strong></span> <span class='ocrx_word' id='word_1_177' title='bbox 191 2907 352 3004; x_wconf 76' lang='lat' dir='ltr'><strong>singularis</strong></span> <span class='ocrx_word' id='word_1_178' title='bbox 380 2915 511 2980; x_wconf 90' lang='lat' dir='ltr'><strong>babetur</strong></span> <span class='ocrx_word' id='word_1_179' title='bbox 540 2923 705 2998; x_wconf 82' lang='lat' dir='ltr'><strong>patronus.</strong></span> <span class='ocrx_word' id='word_1_180' title='bbox 757 2907 878 2974; x_wconf 86' lang='lat' dir='ltr'><strong>Deinde</strong></span> <span class='ocrx_word' id='word_1_181' title='bbox 910 2927 1001 2972; x_wconf 89' lang='lat' dir='ltr'><strong>anno</strong></span> <span class='ocrx_word' id='word_1_182' title='bbox 1031 2907 1159 2972; x_wconf 82' lang='lat' dir='ltr'><strong>Domini</strong></span> 
     </span>
     <span class='ocr_line' id='line_1_24' title="bbox 2 3013 1159 3114; baseline -0.012 -20"><span class='ocrx_word' id='word_1_183' title='bbox 2 3013 3 3026; x_wconf 15' lang='grc' dir='ltr'>ἶ</span> <span class='ocrx_word' id='word_1_184' title='bbox 54 3024 158 3114; x_wconf 70' lang='lat' dir='ltr'><strong>viiifiii</strong></span> <span class='ocrx_word' id='word_1_185' title='bbox 190 3028 253 3092; x_wconf 86' lang='lat' dir='ltr'><strong>Leo</strong></span> <span class='ocrx_word' id='word_1_186' title='bbox 282 3046 369 3112; x_wconf 90' lang='lat' dir='ltr'><strong>papa</strong></span> <span class='ocrx_word' id='word_1_187' title='bbox 399 3024 480 3088; x_wconf 88' lang='lat' dir='ltr'><strong>illius</strong></span> <span class='ocrx_word' id='word_1_188' title='bbox 510 3020 646 3086; x_wconf 91' lang='lat' dir='ltr'><strong>nominis</strong></span> <span class='ocrx_word' id='word_1_189' title='bbox 678 3016 785 3082; x_wconf 88' lang='lat' dir='ltr'><strong>tertius</strong></span> <span class='ocrx_word' id='word_1_190' title='bbox 815 3036 889 3081; x_wconf 89' lang='lat' dir='ltr'><strong>cum</strong></span> <span class='ocrx_word' id='word_1_191' title='bbox 910 3037 1025 3101; x_wconf 76' lang='lat' dir='ltr'><strong>magna</strong></span> <span class='ocrx_word' id='word_1_192' title='bbox 1045 3015 1159 3080; x_wconf 87' lang='lat' dir='ltr'><strong>solem·</strong></span> 
     </span>
     <span class='ocr_line' id='line_1_25' title="bbox 55 3126 1159 3216; baseline -0.014 -14"><span class='ocrx_word' id='word_1_193' title='bbox 55 3137 160 3202; x_wconf 87' lang='lat' dir='ltr'><strong>nitate</strong></span> <span class='ocrx_word' id='word_1_194' title='bbox 178 3156 306 3216; x_wconf 89' lang='lat' dir='ltr'><strong>suorum</strong></span> <span class='ocrx_word' id='word_1_195' title='bbox 327 3131 571 3205; x_wconf 87' lang='lat' dir='ltr'><strong>cardinalium,</strong></span> <span class='ocrx_word' id='word_1_196' title='bbox 590 3126 915 3211; x_wconf 87' lang='lat' dir='ltr'><strong>archiepiscoporum,</strong></span> <span class='ocrx_word' id='word_1_197' title='bbox 938 3126 1159 3210; x_wconf 89' lang='lat' dir='ltr'><strong>episcoporum</strong></span> 
     </span>
     <span class='ocr_line' id='line_1_26' title="bbox 2 3225 1161 3330; baseline -0.013 -21"><span class='ocrx_word' id='word_1_198' title='bbox 2 3225 3 3234; x_wconf 8' lang='grc' dir='ltr'>ἵ</span> <span class='ocrx_word' id='word_1_199' title='bbox 57 3267 97 3310; x_wconf 91' lang='lat' dir='ltr'><strong>ao</strong></span> <span class='ocrx_word' id='word_1_200' title='bbox 125 3245 320 3330; x_wconf 85' lang='lat' dir='ltr'><strong>prelatorum</strong></span> <span class='ocrx_word' id='word_1_201' title='bbox 350 3240 393 3306; x_wconf 91' lang='lat' dir='ltr'><strong>ad</strong></span> <span class='ocrx_word' id='word_1_202' title='bbox 423 3239 571 3306; x_wconf 88' lang='lat' dir='ltr'><strong>Carolum</strong></span> <span class='ocrx_word' id='word_1_203' title='bbox 600 3235 750 3320; x_wconf 78' lang='lat' dir='ltr'><strong>Magnum</strong></span> <span class='ocrx_word' id='word_1_204' title='bbox 780 3233 1001 3317; x_wconf 85' lang='lat' dir='ltr'><strong>imperatorem</strong></span> <span class='ocrx_word' id='word_1_205' title='bbox 1028 3231 1062 3296; x_wconf 94' lang='lat' dir='ltr'><strong>in</strong></span> <span class='ocrx_word' id='word_1_206' title='bbox 1082 3231 1161 3296; x_wconf 87' lang='lat' dir='ltr'><strong>Ger·</strong></span> 
     </span>
     <span class='ocr_line' id='line_1_27' title="bbox 57 3340 1159 3429; baseline -0.015 -10"><span class='ocrx_word' id='word_1_207' title='bbox 57 3354 198 3419; x_wconf 86' lang='lat' dir='ltr'><strong>maniam</strong></span> <span class='ocrx_word' id='word_1_208' title='bbox 240 3352 371 3418; x_wconf 80' lang='lat' dir='ltr'><strong>veniens</strong></span> <span class='ocrx_word' id='word_1_209' title='bbox 411 3348 452 3414; x_wconf 88' lang='lat' dir='ltr'><strong>ab</strong></span> <span class='ocrx_word' id='word_1_210' title='bbox 493 3345 607 3412; x_wconf 89' lang='lat' dir='ltr'><strong>eodem</strong></span> <span class='ocrx_word' id='word_1_211' title='bbox 636 3344 826 3429; x_wconf 88' lang='lat' dir='ltr'><strong>imperatore</strong></span> <span class='ocrx_word' id='word_1_212' title='bbox 854 3340 1055 3426; x_wconf 87' lang='lat' dir='ltr'><strong>imperialiter</strong></span> <span class='ocrx_word' id='word_1_213' title='bbox 1085 3361 1159 3406; x_wconf 90' lang='lat' dir='ltr'><strong>cum</strong></span> 
     </span>
     <span class='ocr_line' id='line_1_28' title="bbox 57 3447 1160 3544; baseline -0.016 -17"><span class='ocrx_word' id='word_1_214' title='bbox 57 3463 115 3526; x_wconf 84' lang='lat' dir='ltr'><strong>auis</strong></span> <span class='ocrx_word' id='word_1_215' title='bbox 155 3468 318 3544; x_wconf 65' lang='lat' dir='ltr'><strong>acceptus</strong></span> <span class='ocrx_word' id='word_1_216' title='bbox 348 3467 403 3523; x_wconf 90' lang='lat' dir='ltr'><strong>est.</strong></span> <span class='ocrx_word' id='word_1_217' title='bbox 459 3453 522 3535; x_wconf 85' lang='lat' dir='ltr'><strong>Qui</strong></span> <span class='ocrx_word' id='word_1_218' title='bbox 552 3451 666 3516; x_wconf 87' lang='lat' dir='ltr'><strong>multas</strong></span> <span class='ocrx_word' id='word_1_219' title='bbox 697 3449 861 3522; x_wconf 86' lang='lat' dir='ltr'><strong>ecclesias,</strong></span> <span class='ocrx_word' id='word_1_220' title='bbox 905 3447 1096 3510; x_wconf 90' lang='lat' dir='ltr'><strong>monasteria</strong></span> <span class='ocrx_word' id='word_1_221' title='bbox 1127 3456 1160 3510; x_wconf 86' lang='lat' dir='ltr'><strong>et</strong></span> 
     </span>
     <span class='ocr_line' id='line_1_29' title="bbox 58 3551 1161 3655; baseline -0.017 -21"><span class='ocrx_word' id='word_1_222' title='bbox 58 3569 170 3636; x_wconf 85' lang='lat' dir='ltr'><strong>altaria</strong></span> <span class='ocrx_word' id='word_1_223' title='bbox 198 3567 408 3655; x_wconf 72' lang='lat' dir='ltr'><strong>Aquiagrani,</strong></span> <span class='ocrx_word' id='word_1_224' title='bbox 442 3561 614 3634; x_wconf 85' lang='lat' dir='ltr'><strong>Coloniae,</strong></span> <span class='ocrx_word' id='word_1_225' title='bbox 649 3555 798 3640; x_wconf 78' lang='lat' dir='ltr'><strong>Tungris,</strong></span> <span class='ocrx_word' id='word_1_226' title='bbox 833 3573 872 3618; x_wconf 87' lang='lat' dir='ltr'><strong>ac</strong></span> <span class='ocrx_word' id='word_1_227' title='bbox 903 3553 938 3616; x_wconf 92' lang='lat' dir='ltr'><strong>in</strong></span> <span class='ocrx_word' id='word_1_228' title='bbox 970 3551 1074 3616; x_wconf 88' lang='lat' dir='ltr'><strong>multis</strong></span> <span class='ocrx_word' id='word_1_229' title='bbox 1095 3552 1161 3616; x_wconf 85' lang='lat' dir='ltr'><strong>aliis</strong></span> 
     </span>
     <span class='ocr_line' id='line_1_30' title="bbox 2 3657 1162 3762; baseline -0.014 -20"><span class='ocrx_word' id='word_1_230' title='bbox 2 3717 4 3728; x_wconf 37' lang='grc' dir='ltr'><em>ν</em></span> <span class='ocrx_word' id='word_1_231' title='bbox 58 3678 138 3744; x_wconf 88' lang='lat' dir='ltr'><strong>locis</strong></span> <span class='ocrx_word' id='word_1_232' title='bbox 164 3698 221 3762; x_wconf 90' lang='lat' dir='ltr'><strong>per</strong></span> <span class='ocrx_word' id='word_1_233' title='bbox 253 3676 386 3744; x_wconf 82' lang='lat' dir='ltr'><strong>Galliam</strong></span> <span class='ocrx_word' id='word_1_234' title='bbox 406 3682 438 3738; x_wconf 89' lang='lat' dir='ltr'><strong>et</strong></span> <span class='ocrx_word' id='word_1_235' title='bbox 458 3668 639 3735; x_wconf 81' lang='lat' dir='ltr'><strong>Almaniam</strong></span> <span class='ocrx_word' id='word_1_236' title='bbox 659 3661 873 3736; x_wconf 84' lang='lat' dir='ltr'><strong>consecravit,</strong></span> <span class='ocrx_word' id='word_1_237' title='bbox 905 3657 1026 3744; x_wconf 86' lang='lat' dir='ltr'><strong>ubique</strong></span> <span class='ocrx_word' id='word_1_238' title='bbox 1046 3660 1162 3726; x_wconf 84' lang='lat' dir='ltr'><strong>multas</strong></span> 
     </span>
     <span class='ocr_line' id='line_1_31' title="bbox 58 3768 1160 3873; baseline -0.019 -19"><span class='ocrx_word' id='word_1_239' title='bbox 58 3787 273 3873; x_wconf 76' lang='lat' dir='ltr'><strong>indulgentias</strong></span> <span class='ocrx_word' id='word_1_240' title='bbox 311 3779 536 3848; x_wconf 88' lang='lat' dir='ltr'><strong>ministrando.</strong></span> <span class='ocrx_word' id='word_1_241' title='bbox 580 3773 723 3841; x_wconf 86' lang='lat' dir='ltr'><strong>Tandem</strong></span> <span class='ocrx_word' id='word_1_242' title='bbox 752 3771 794 3839; x_wconf 92' lang='lat' dir='ltr'><strong>ad</strong></span> <span class='ocrx_word' id='word_1_243' title='bbox 826 3768 1012 3836; x_wconf 88' lang='lat' dir='ltr'><strong>instantiam</strong></span> <span class='ocrx_word' id='word_1_244' title='bbox 1041 3769 1160 3854; x_wconf 82' lang='lat' dir='ltr'><strong>glorio·</strong></span> 
     </span>
    </p>
   </div>
   <div class='ocr_carea' id='block_1_3' title="bbox 58 3877 1162 4092">
    <p class='ocr_par' dir='ltr' id='par_1_3' title="bbox 58 3877 1162 4102">
     <span class='ocr_line' id='line_1_32' title="bbox 58 3877 1162 3982; baseline -0.02 -18"><span class='ocrx_word' id='word_1_245' title='bbox 58 3897 166 3964; x_wconf 87' lang='lat' dir='ltr'><strong>sissimi</strong></span> <span class='ocrx_word' id='word_1_246' title='bbox 194 3893 393 3982; x_wconf 87' lang='lat' dir='ltr'><strong>imperatoris</strong></span> <span class='ocrx_word' id='word_1_247' title='bbox 422 3887 528 3956; x_wconf 83' lang='lat' dir='ltr'><strong>Caroli</strong></span> <span class='ocrx_word' id='word_1_248' title='bbox 558 3885 684 3972; x_wconf 79' lang='lat' dir='ltr'><strong>llagni,</strong></span> <span class='ocrx_word' id='word_1_249' title='bbox 718 3891 750 3947; x_wconf 89' lang='lat' dir='ltr'><strong>et</strong></span> <span class='ocrx_word' id='word_1_250' title='bbox 778 3877 964 3946; x_wconf 80' lang='lat' dir='ltr'><strong>venerabilis</strong></span> <span class='ocrx_word' id='word_1_251' title='bbox 984 3877 1162 3943; x_wconf 87' lang='lat' dir='ltr'><strong>Hildebaldi</strong></span> 
     </span>
     <span class='ocr_line' id='line_1_33' title="bbox 59 3985 1161 4092; baseline -0.018 -22"><span class='ocrx_word' id='word_1_252' title='bbox 59 4003 296 4092; x_wconf 87' lang='lat' dir='ltr'><strong>archipraesulis</strong></span> <span class='ocrx_word' id='word_1_253' title='bbox 326 3995 537 4070; x_wconf 75' lang='lat' dir='ltr'><strong>coloniensis,</strong></span> <span class='ocrx_word' id='word_1_254' title='bbox 573 3991 656 4057; x_wconf 90' lang='lat' dir='ltr'><strong>idem</strong></span> <span class='ocrx_word' id='word_1_255' title='bbox 677 3999 806 4055; x_wconf 88' lang='lat' dir='ltr'><strong>sauctus</strong></span> <span class='ocrx_word' id='word_1_256' title='bbox 835 4001 920 4073; x_wconf 80' lang='lat' dir='ltr'><strong>papa</strong></span> <span class='ocrx_word' id='word_1_257' title='bbox 941 3987 1005 4050; x_wconf 89' lang='lat' dir='ltr'><strong>Leo</strong></span> <span class='ocrx_word' id='word_1_258' title='bbox 1026 3985 1161 4068; x_wconf 86' lang='lat' dir='ltr'><strong>perrexit</strong></span> 
     </span>
    </p>
   </div>
   <div class='ocr_carea' id='block_1_4' title="bbox 55 4172 207 4184">
    <p class='ocr_par' dir='ltr' id='par_1_4' title="bbox 55 4172 207 4184">
     <span class='ocr_line' id='line_1_34' title="bbox 55 4172 207 4184; baseline 0 0"><span class='ocrx_word' id='word_1_259' title='bbox 55 4172 207 4184; x_wconf 50' lang='grc' dir='ltr'><strong>*ιη</strong></span> 
     </span>
    </p>
   </div>
   <div class='ocr_carea' id='block_1_5' title="bbox 2 4213 1125 4310">
    <p class='ocr_par' dir='ltr' id='par_1_5' title="bbox 2 4213 1125 4310">
     <span class='ocr_line' id='line_1_35' title="bbox 2 4213 1125 4310; baseline -0.027 -14"><span class='ocrx_word' id='word_1_260' title='bbox 2 4291 3 4296; x_wconf 75' lang='grc'>,</span> <span class='ocrx_word' id='word_1_261' title='bbox 97 4241 142 4310; x_wconf 79' lang='lat'><strong>(*)</strong></span> <span class='ocrx_word' id='word_1_262' title='bbox 179 4242 200 4293; x_wconf 89' lang='lat' dir='ltr'><strong>i.</strong></span> <span class='ocrx_word' id='word_1_263' title='bbox 219 4256 244 4291; x_wconf 81' lang='lat' dir='ltr'><strong>a.</strong></span> <span class='ocrx_word' id='word_1_264' title='bbox 264 4233 417 4302; x_wconf 73' lang='lat' dir='ltr'><strong>synanche·</strong></span> <span class='ocrx_word' id='word_1_265' title='bbox 455 4213 1125 4291; x_wconf 67' lang='lat' dir='ltr'><strong>viatore,Davtt.s0rm.nar.,1,1.a.</strong></span> 
     </span>
    </p>
   </div>
   <div class='ocr_carea' id='block_1_6' title="bbox 0 0 1500 5144">
    <p class='ocr_par' dir='ltr' id='par_1_6' title="bbox 0 0 1500 5144">
     <span class='ocr_line' id='line_1_36' title="bbox 0 0 1500 5144; baseline 0 0"><span class='ocrx_word' id='word_1_266' title='bbox 0 0 1500 5144; x_wconf 95' lang='lat' dir='ltr'><strong> </strong></span> 
     </span>
    </p>
   </div>
  </div>
 </body>
</html>
