2950 5144
372 469 593 536 WORPBRI
612 468 861 537 cunontcolt.
1130 471 1176 538 80

66 657 146 703 oum
176 637 275 702 beato
296 635 458 722 Amutpho
480 657 610 702 omnem
638 638 792 722 populum
822 635 1034 702 intersitum
1053 635 1179 704 Carbo·

66 749 197 809 narium
230 755 263 809 et
292 745 404 809 fluvios
433 746 552 809 Mosam
582 756 613 810 et
647 746 805 810 Mosellam
825 765 925 830 usque
946 744 989 810 sd
1010 743 1175 810 Frisooum

66 855 153 918 fines
173 852 374 919 habitantem
394 863 522 918 strenue
541 852 738 938 gubernarit.
783 853 876 920 Hune
896 853 989 939 igitur
1010 853 1176 919 botharius

65 961 270 1026 Francorum
310 981 365 1024 rex
397 972 527 1046 propter
558 981 630 1024 suus
658 963 786 1026 virtutes
814 961 952 1046 primum
982 960 1176 1028 mesntise

68 1081 103 1134 et
124 1070 300 1134 Austrasiae
320 1070 383 1133 sive
403 1070 534 1134 minoris
553 1069 797 1156 lothoringiae,
818 1091 902 1155 quise
923 1071 1006 1136 inter
1025 1069 1177 1136 Rhenum

70 1187 102 1242 et
136 1177 277 1242 Scaldim
305 1177 419 1242 fluvios
438 1179 497 1240 situ
519 1188 583 1251 est,
618 1178 733 1244 ducem
752 1179 846 1255 feeit,
879 1180 935 1246 sed
955 1189 986 1245 et
1007 1180 1177 1246 ensiferum

69 1304 166 1347 suum
197 1305 237 1348 uo
254 1283 391 1368 primum
413 1283 522 1349 Palatii
542 1287 588 1350 sui
608 1285 786 1370 prinoipem
807 1287 982 1352 constituit.
1025 1287 1083 1352 Hic
1103 1285 1179 1368 Pip-

72 1392 175 1477 piuus
195 1401 323 1476 eoeepto
344 1411 443 1455 uxore
463 1391 548 1464 Itts.
582 1393 645 1457 sire
665 1392 854 1480 Ydeburgs‚
878 1394 944 1459 fitia
965 1392 1055 1457 ducis
1078 1392 1178 1476 Aqui-

72 1499 200 1574 taniae,
244 1499 351 1582 genuit
394 1519 433 1564 ex
473 1521 511 1563 ea
543 1500 760 1565 Grimootdum
792 1499 892 1564 tilium
924 1509 956 1565 et
988 1501 1069 1564 duos
1099 1498 1180 1564 fitiu

70 1606 215 1692 beggam
254 1607 370 1672 soilioet
398 1615 429 1669 et
457 1605 585 1671 beatem
618 1606 803 1672 Gertrudem
834 1607 998 1693 virginem.
1054 1607 1180 1672 Mortuo

71 1724 182 1778 sutem
202 1714 340 1798 Pippino
362 1715 445 1788 itte,
482 1714 589 1778 retiotu
611 1715 692 1789 eius,
729 1735 760 1779 se
781 1724 812 1780 et
833 1735 889 1778 suu
911 1715 977 1778 Deo
997 1713 1180 1790 devovens,

70 1823 300 1888 monasterium
321 1821 494 1886 Nirettense
513 1821 548 1885 in
573 1821 748 1886 Brsbontio
768 1821 934 1897 fundarit,
968 1823 1062 1908 eique
1082 1823 1181 1888 fitam

71 1951 163 1994 susm
183 1931 391 2003 Gertrudem‚
426 1930 493 1994 lieo
514 1931 645 2015 dignum
666 1931 835 2016 virginem,
868 1929 1032 2015 praefecit.
1075 1928 1181 2015 Beggo

71 2059 151 2102 vero
172 2036 268 2102 attera
289 2037 354 2101 sius
373 2037 461 2114 fitia,
484 2047 619 2121 eccepto
640 2038 709 2100 viro
729 2039 867 2122 Angiso‚
899 2037 1004 2103 saneti
1024 2036 1181 2122 Aruutpbi

71 2146 160 2221 filio,
204 2148 311 2232 genuit
341 2146 512 2229 Pippinum
542 2146 584 2209 de
617 2145 783 2210 Harstotlo.
835 2145 987 2230 Pippiuus
1018 2146 1111 2228 igitur
1140 2144 1181 2210 de

71 2255 249 2328 Homullo,
278 2273 378 2337 nepos
408 2252 582 2338 supradicti
612 2252 739 2337 Pippini
760 2252 801 2316 ds
822 2252 933 2316 tenos
954 2271 992 2316 ex
1012 2251 1078 2316 eius
1097 2250 1180 2328 fitia.

72 2364 178 2428 taetus
219 2372 265 2424 est
306 2363 412 2426 tertius
440 2363 507 2425 dux
536 2360 731 2425 Brsbsntioe
762 2369 794 2424 et
825 2360 1063 2445 Lothoriugiue.
1119 2359 1180 2440 Qui

72 2472 148 2536 ideo
163 2471 286 2536 ·dietus
315 2481 359 2534 est
380 2471 534 2554 Pippiuus
565 2469 605 2533 de
637 2469 810 2544 Harstalto,
845 2469 922 2552 quia
943 2467 977 2530 iu
999 2467 1074 2532 loeo
1093 2465 1181 2534 dioto

75 2581 233 2644 Hsrststto
265 2581 350 2644 intra
370 2579 547 2643 Traiectum
569 2579 708 2662 superius
728 2578 791 2642 sire
812 2576 989 2642 Moestriobt
1011 2586 1042 2640 et
1065 2575 1181 2642 Leodi-

3 2745 4 2748 ,
75 2711 132 2752 um
163 2711 257 2774 super
288 2689 406 2752 Mosam
435 2687 566 2752 fluvium
588 2685 811 2750 aedificaverat
832 2682 888 2746 sibi
910 2693 1048 2748 oestrum
1068 2695 1100 2747 et
1123 2682 1181 2747 bs·

3 2807 4 2820 ¹
73 2797 276 2864 bitotiouem.
320 2796 411 2859 Duxit
441 2804 546 2858 autem
578 2810 708 2856 uxorem
739 2789 871 2854 nomine
890 2789 1108 2862 Plectrudem,
1140 2790 1181 2854 de

74 2926 145 2990 quo
178 2905 282 2991 genuit
312 2903 493 2989 Drogonem
528 2899 723 2984 Campaniae
755 2898 869 2963 ducem
890 2906 922 2961 et
942 2895 1179 2971 Grimosldum,

3 3003 4 3034 i
75 3015 230 3078 maiorem
261 3013 375 3077 domus
404 3007 573 3074 Hildeberti
594 3008 673 3094 regis
693 3006 858 3072 Francius.
903 3005 1020 3070 Genuit
1042 3004 1178 3079 deinde,

45 3145 53 3164 ¹
74 3125 205 3187 vivente
223 3123 359 3206 legitima
381 3139 497 3193 uxore,
520 3111 865 3180 uerotum'ttartsttum
885 3111 1181 3198 fitiumexbtparda

3 3217 4 3220 ¹
74 3232 175 3297 nobiti
214 3226 413 3294 concubine.
465 3225 573 3305 Quare
603 3231 733 3287 sauctus
762 3219 947 3287 bonibertus
977 3219 1182 3305 Tungerensis

73 3341 244 3425 episeopus
291 3338 392 3422 ipsum
438 3339 629 3416 increpans,
675 3329 765 3415 quod
815 3330 959 3414 pellicem
1007 3328 1181 3413 Alpurdsm

74 3451 233 3536 legitimae
271 3445 362 3509 uxori
395 3462 469 3506 sune
499 3438 747 3525 superduxerat,
790 3458 809 3501 a
839 3436 975 3500 Dodone
1004 3434 1101 3500 fratte
1132 3436 1182 3518 ip·

74 3559 136 3622 sius
166 3554 327 3640 Alperdae
356 3549 464 3616 Leodii
495 3545 690 3613 interficitur.
733 3543 791 3607 flio
823 3540 1059 3626 gloriosissimus
1087 3541 1182 3624 prin·

21 3723 25 3742 ,
78 3685 164 3750 oeps·
187 3664 292 3728 maior
333 3661 445 3726 domus
486 3656 565 3741 regis
603 3652 757 3718 Francius
794 3650 871 3725 tuit,
903 3659 933 3714 et
966 3650 1052 3734 (rege
1080 3648 1181 3714 Fron-

76 3775 148 3839 oiae
197 3771 273 3835 nihii
324 3768 383 3832 nisi
428 3764 562 3830 nomine
603 3760 690 3846 regio
733 3759 868 3841 retento)
915 3753 1181 3842 gubernationem

75 3881 172 3947 totius
191 3878 282 3963 regni
303 3873 539 3940 administrarit.
582 3870 664 3934 Num
687 3867 735 3950 (ut
755 3865 925 3952 sigibertus
943 3864 1064 3947 scribit)
1084 3863 1181 3928 Fron·

74 4011 188 4056 eorum
219 3986 344 4075 regibus
374 4007 392 4049 e
432 3983 523 4048 solito
560 3977 747 4043 fortitudine
779 3986 810 4040 et
840 3973 1009 4058 prudentia
1043 3972 1182 4056 degene-

75 4099 241 4173 rantibus,
281 4097 370 4182 regni
411 4091 554 4179 potentia
594 4107 651 4172 per
681 4086 814 4150 maiores
846 4083 959 4146 domus
990 4078 1182 4164 disponeba-

3 4287 5 4292 .
76 4219 144 4285 tur,
179 4205 305 4291 regibus
335 4203 402 4266 solo
424 4199 556 4265 nomine
587 4191 798 4278 regnantibus.
843 4187 962 4270 Quibus
992 4188 1085 4252 moris
1115 4199 1178 4252 erut
