2916 5150
298 499 358 568 let
711 487 932 562 Woartnar

293 670 385 734 fuerit
404 670 445 735 de
465 668 596 735 consilio
617 686 753 754 quorum
774 668 897 732 interest
916 664 1040 752 primo,
1074 658 1219 726 meando
1239 667 1270 723 et
1292 655 1390 722 tertio

294 776 528 843 transfodiatur.
574 777 679 840 Primo
702 777 800 840 laesus
820 773 946 839 habebit
967 773 1094 858 plenam
1116 768 1301 842 emendam,
1339 787 1391 831 se-

195 907 201 914 ·
294 888 403 952 cundo
423 888 537 972 plenae
557 885 706 950 emendae
727 884 947 960 medietatem,
980 882 1072 946 tertio
1092 887 1241 964 quartam
1262 884 1390 961 partem

292 995 407 1080 plenae
427 995 576 1060 emendae
596 1003 818 1079 consequatur.
861 994 899 1058 Et
920 993 944 1056 si
963 991 1078 1077 pluries
1098 997 1212 1052 testam
1233 983 1390 1048 transfodi

293 1106 459 1189 contingat
491 1106 573 1168 laeso
603 1103 715 1167 exinde
746 1102 823 1165 nibil
855 1101 1031 1174 tribuatur,
1061 1097 1138 1161 dum
1159 1116 1199 1158 ex
1217 1113 1285 1158 una
1304 1092 1391 1158 inci·

292 1213 378 1277 sione
398 1223 428 1276 et
449 1235 487 1278 ex
507 1213 597 1277 unius
618 1212 752 1277 vulneris
772 1211 834 1274 hoc
856 1209 982 1275 accidat
1004 1205 1215 1293 percussione.

587 1321 767 1386 Tricesimus
786 1320 912 1405 quintus
931 1316 1099 1382 Articulus.

336 1431 367 1494 Si
397 1432 467 1517 quis
496 1441 610 1496 contra
643 1432 738 1495 alium
760 1428 991 1517 querimoniam
1013 1425 1208 1510 deposuerit,
1243 1431 1335 1485 actor
1355 1419 1390 1483 in

293 1541 451 1625 principio
480 1541 541 1605 litis
574 1541 683 1605 omnia
714 1540 892 1603 iuramenta
924 1557 977 1600 seu
998 1533 1204 1620 probationes
1224 1529 1390 1615 allegando

293 1660 455 1734 proponat
488 1649 530 1712 ad
562 1651 713 1736 ampliora
746 1668 813 1712 non
835 1644 1031 1720 audiendus,
1064 1653 1098 1706 ut
1120 1663 1189 1706 reus
1208 1640 1337 1724 plenam
1356 1657 1390 1701 se

295 1756 490 1822 deliberandi
511 1758 624 1822 babeat
645 1758 838 1822 facultatem.

790 1863 880 1926 Finis.

296 2259 525 2318 wilhelmus
542 2274 671 2319 comes
688 2260 922 2320 ltottendtee
936 2255 1176 2330 mutuavit
1189 2253 1388 2312 Frlsoues.

750 2437 839 2506 CAP.
859 2437 923 2503 XL.
965 2485 970 2499 .

337 2631 433 2694 Anno
465 2631 592 2695 Domini
623 2631 825 2710 mcccxxvii,
860 2631 1043 2696 Wilhelmus
1075 2649 1182 2695 comes
1201 2623 1397 2690 llollandiae

295 2737 490 2825 supradictus
529 2742 640 2804 iterum
679 2741 784 2825 coepit
813 2741 999 2826 impugnare
1029 2740 1171 2804 Frisones
1203 2734 1394 2808 orientales,

296 2850 402 2914 volens
420 2849 494 2933 iugo
515 2868 588 2912 suae
608 2850 758 2915 servitutis
777 2848 937 2914 subiicere.
982 2847 1178 2933 Comparatio
1197 2847 1288 2933 igitur
1308 2843 1399 2906 mul·

296 2958 334 3023 tis
363 2957 497 3021 novibus
524 2955 677 3020 bellorum
697 2957 765 3020 usui
786 2957 885 3043 aptis,
919 2958 1000 3022 misit
1020 2958 1086 3021 illas
1106 2978 1179 3020 cum
1199 2973 1318 3038 magna
1341 2972 1398 3016 ar-

296 3073 454 3130 matorum
485 3064 579 3149 copia
608 3074 719 3158 eontra
748 3065 889 3131 Frisones
919 3069 953 3130 in
975 3067 1053 3130 llari
1076 3064 1281 3131 meridionali.
1328 3060 1397 3143 Qui

297 3174 439 3261 quotidie
469 3171 711 3251 Oudemarden,
744 3174 932 3240 Niemarden
966 3186 997 3240 et
1028 3197 1127 3262 pagos
1159 3174 1238 3238 mari
1270 3170 1396 3237 vicinos

297 3281 526 3366 depraedantes
546 3303 663 3366 magne
684 3281 859 3348 inferebant
890 3284 1016 3350 damna.
1060 3283 1154 3366 Quod
1176 3283 1261 3347 Frisii
1281 3280 1396 3346 viden·

298 3401 343 3456 tes
373 3409 435 3455 nec
467 3410 571 3476 aequo
601 3391 735 3454 serentes
766 3391 874 3456 animo
906 3393 1058 3456 miserunt
1078 3404 1109 3457 et
1130 3393 1187 3478 ipsi
1207 3393 1334 3458 classem
1353 3391 1392 3454 in

299 3500 394 3575 mari,
417 3519 501 3586 quae
521 3499 668 3564 terminos
688 3520 760 3564 suos
780 3499 963 3565 defenderet
984 3511 1101 3566 contra
1123 3500 1271 3565 iniustam
1292 3498 1394 3564 comi·

298 3610 336 3674 tis
374 3609 657 3692 impugnationem.
711 3609 773 3674 Sed
813 3610 956 3675 Frisones
997 3630 1214 3696 quascumque
1246 3611 1280 3673 in
1312 3608 1394 3672 mari

298 3737 394 3783 naves
434 3734 614 3800 expugnare
646 3726 814 3799 poterant,
859 3717 971 3782 ablatis
1011 3705 1146 3783 naribus
1175 3739 1249 3783 curn
1278 3718 1390 3794 bonis,

223 3813 225 3818 ¹
297 3824 438 3890 homines
469 3821 720 3910 submergebant.
764 3824 861 3907 Quod
894 3827 1133 3894 considerantes
1161 3827 1294 3914 praelati
1326 3826 1395 3891 Fri-

298 3935 360 3999 siae
390 3943 420 3997 et
449 3931 634 4018 insigniores
656 3933 796 3999 Stauriae
816 3936 897 4001 cives
918 3937 959 4002 de
980 3957 1138 4002 consensu
1159 3935 1393 4003 communitatis

299 4053 472 4128 coeperunt
493 4063 566 4108 cnm
587 4043 700 4108 comite
721 4053 878 4121 tractare,
902 4055 936 4110 ut
956 4046 1093 4111 induciis
1113 4047 1225 4123 lactis,
1249 4067 1288 4111 ea
1308 4063 1393 4130 quae

298 4153 387 4235 pacis
417 4162 491 4217 sunt
511 4161 732 4221 tractarentur.
776 4154 882 4236 Quare
902 4164 933 4219 et
954 4154 1019 4220 dies
1039 4165 1071 4220 et
1091 4157 1179 4221 locus
1197 4157 1230 4220 in
1249 4153 1394 4219 llaerlem

300 4259 467 4345 assignatus
498 4270 562 4337 est,
597 4272 632 4326 ut
664 4263 883 4331 convenientes
913 4285 1025 4350 paoem
1046 4266 1197 4332 lacerent.
1241 4262 1299 4328 Ubi
1321 4271 1392 4348 post
