2916 5150
299 454 359 516 130
741 451 962 516 WORPERI

298 631 360 682 tem
390 620 505 683 Floridi
537 619 668 704 Campi,
701 618 899 682 Herdradum
931 621 964 681 in
999 617 1154 702 priorem.
1190 624 1219 677 et
1243 611 1404 678 Sibodum

297 747 498 800 conversum,
533 746 599 789 una
632 747 705 790 cum
738 726 804 792 aliis
831 725 979 790 fratribus
1000 745 1037 788 ex
1058 743 1115 786 suo
1137 723 1336 785 monasterio
1359 743 1407 786 as·

298 837 444 920 sumptis,
477 834 558 898 misit
591 833 633 898 ad
653 833 839 918 erigendum
860 844 891 898 ct
911 831 1141 917 perficiendum
1161 831 1269 894 locum
1292 831 1405 914 incep-

297 953 375 1008 tum.
420 944 482 1026 Qui
513 943 601 1007 locus
632 961 775 1006 successu
807 943 956 1027 temporis
977 940 1146 1005 auxiliante
1169 938 1283 1001 Divina
1305 940 1406 1022 gratis

297 1051 428 1115 interius
456 1061 487 1115 et
518 1051 649 1115 exterius
683 1049 924 1115 cumulatissime
960 1050 1009 1135 (ut
1031 1048 1120 1114 cerni
1140 1045 1258 1132 potest)
1283 1056 1350 1110 tam
1372 1047 1407 1110 in

297 1155 524 1241 spiritualibus,
547 1178 646 1243 quarn
667 1159 701 1220 in
724 1157 950 1241 temporalibus
971 1157 1080 1222 crevit.
1123 1155 1258 1218 Sortitus
1279 1165 1325 1218 est
1348 1177 1406 1218 au·

298 1274 360 1328 tem
391 1265 480 1330 locus
510 1267 575 1348 ipse
604 1283 722 1328 nomen
744 1285 763 1328 a
785 1265 929 1349 quodam
949 1273 1043 1348 prato
1064 1262 1257 1326 monasterio
1280 1263 1403 1336 ricino,

299 1373 341 1435 ad
371 1371 604 1438 occidentalem
634 1373 781 1457 plagam,
815 1373 906 1458 quod
927 1374 1020 1456 vulgo
1051 1371 1116 1434 den
1151 1371 1288 1434 Blomen
1312 1391 1404 1454 camp
1449 1365 1450 1370 ’

299 1477 493 1557 vocabatur,
527 1478 581 1543 ubi
611 1499 702 1545 nunc
733 1489 765 1543 et
796 1479 885 1543 simili
916 1480 1015 1545 modo
1045 1479 1139 1544 flores
1167 1499 1200 1542 sc
1221 1480 1404 1543 catervatim

299 1597 334 1648 ut
364 1598 444 1651 tunc
476 1586 672 1671 producunt.
715 1589 761 1651 llx
793 1587 922 1674 hocque
953 1588 1009 1652 sibi
1031 1587 1253 1652 monasterium
1277 1587 1404 1670 sumpsit

300 1693 489 1758 vocabulum
512 1692 653 1758 Floridus
673 1693 818 1777 Campus.

300 2187 358 2243 lte
378 2187 617 2243 Theoderico
637 2187 677 2242 et
695 2187 903 2244 wilhelmo
921 2185 1128 2242 comitibus
1145 2186 1399 2253 llollsnrllce,

507 2281 548 2334 ct
567 2280 687 2346 gestis
705 2279 778 2337 ειιιι
797 2281 855 2336 ola
871 2281 913 2338 tn
931 2280 1058 2336 Frtstc
1076 2281 1190 2335 cern.

756 2504 844 2569 CAP.
867 2505 949 2570 xlv.

342 2717 549 2782 Theodericus
578 2718 661 2781 filius
692 2719 839 2782 Florentii
874 2721 976 2784 factus
1005 2730 1050 2783 est
1082 2719 1268 2786 undecimus
1299 2745 1403 2789 comes

300 2826 487 2893 Hollandiae
514 2835 546 2889 et
568 2825 757 2901 zelandiae,
780 2825 835 2890 sed
856 2827 997 2891 Frisones
1018 2828 1229 2893 occidentales
1249 2852 1324 2895 eum
1346 2834 1402 2896 ad·

299 2937 419 2998 mittere
450 2930 646 2996 recusarunt.
691 2938 786 2996 Anno
816 2934 910 3019 igitur
941 2935 1063 2999 Domini
1085 2958 1196 3004 mcxcv
1219 2939 1402 3005 Willrelmns

299 3042 393 3103 frater
429 3037 610 3103 Theoderici
654 3039 825 3124 supradicti
866 3043 989 3107 comitis
1031 3043 1156 3109 rediens
1186 3046 1226 3110 de
1256 3052 1402 3136 passagio

299 3147 412 3211 Terrae
432 3147 580 3222 Sanctae,
604 3167 677 3212 cum
699 3146 822 3214 honore
843 3159 874 3214 et
894 3149 1011 3234 gaudio
1032 3165 1182 3238 exceptus
1201 3166 1245 3219 εει
1269 3159 1400 3224 aTheo·

300 3255 408 3318 datico
440 3255 556 3318 comite
587 3254 683 3318 irltre
714 3277 782 3322 suo.
826 3257 887 3322 Sed
918 3279 1024 3342 pauco
1054 3263 1239 3347 interposito
1262 3275 1400 3352 tempore

300 3382 504 3427 susurronum
515 3362 557 3447 (⁸)
590 3363 708 3428 malitia
739 3365 921 3430 inimicitiae
951 3389 1085 3453 magnae
1116 3371 1198 3435 inter
1228 3374 1303 3438 istos
1323 3375 1400 3440 duos

299 3471 410 3535 iratres
441 3481 568 3536 exortae
597 3481 682 3537 sunt.
738 3473 844 3554 Quare
875 3474 1061 3540 Wilhelmns
1092 3480 1199 3544 relicta
1232 3482 1400 3546 Hollandia

299 3582 433 3664 perrexit
466 3581 508 3644 ad
537 3581 750 3646 occidentales
782 3582 912 3657 Frisios,
945 3593 978 3647 ει
998 3584 1154 3670 colligavit
1175 3609 1208 3651 se
1228 3588 1297 3656 illis.
1342 3591 1399 3672 Qui

281 3671 376 3751 'odio
398 3689 520 3753 comitis
540 3688 728 3752 Hollaudiae
749 3710 822 3754 cum
843 3675 961 3774 gaudio
983 3713 1055 3756 eum
1076 3695 1279 3778 excipientes,
1303 3701 1400 3764 factus

300 3805 344 3858 est
384 3815 493 3860 eorum
534 3797 683 3881 princeps
715 3807 746 3860 et
779 3795 850 3860 belli
885 3796 959 3862 dux.
1003 3799 1082 3864 Cum
1115 3804 1228 3886 quibus
1260 3806 1400 3892 quotidie

335 4003 382 4071 (*)
421 4001 743 4070 Susurrones,hominas
761 4003 904 4068 maledici,
917 4007 966 4074 qui
984 4008 1143 4059 clanculum
1161 4018 1298 4078 spargunt
1316 4011 1399 4062 multa

300 4094 426 4146 sinistra.
462 4095 565 4162 Voss,
589 4097 635 4149 De
658 4097 711 4148 vit.
736 4113 819 4150 earm.
838 4099 919 4159 Dat„
949 4115 1012 4168 pag.
1038 4101 1100 4154 618.
1137 4101 1239 4155 Latine
1267 4105 1399 4158 dicuntur

298 4195 504 4239 susurratores.
