2916 5150
508 490 758 562 canonicos.
1105 476 1181 566 'rvr

125 659 317 746 Rodolpbuv
347 661 400 726 llei
431 661 533 748 gratis
562 661 787 728 Romanorum
817 681 871 728 ror
899 681 1020 748 semper
1040 672 1189 748 nugentur

84 769 234 836 univorsis
265 779 295 833 et
327 769 456 854 singulis
484 769 565 832 ascri
587 767 726 835 Romani
746 769 868 855 imperii
888 770 1034 836 fidelibus
1054 773 1189 858 gratiam

83 899 173 944 sram
213 886 246 942 et
278 897 376 941 omne
405 876 538 942 bonum.
593 877 797 944 Attendentes
827 879 976 944 virtutum
1009 879 1186 956 beneficis,

84 987 233 1052 virtutum
254 985 411 1070 insignis,
433 985 607 1050 constantis
626 985 701 1050 fidei
721 986 889 1072 suffragia,
921 987 1036 1074 quibus
1056 987 1191 1054 Reinal·

82 1093 140 1158 dus
162 1113 271 1158 comes
291 1094 413 1160 Gelrise
432 1083 535 1158 fidelis
554 1104 660 1160 noster
680 1095 813 1160 dilectus
832 1116 908 1179 erga
928 1117 990 1160 noa
1013 1105 1045 1160 et
1065 1095 1189 1162 Rotna-

80 1222 157 1266 uum
191 1201 355 1285 imperium
385 1221 511 1266 sacrum
543 1201 720 1267 dinoscitur
751 1204 909 1281 relucere,
933 1214 1062 1288 gerente
1081 1204 1189 1270 confi·

78 1309 210 1373 dentiae
239 1318 367 1374 nostrae
397 1308 593 1394 plenitudine
613 1311 654 1374 de
674 1310 804 1384 ecdem,
841 1310 929 1375 dicto
948 1310 1048 1376 nobili
1068 1311 1190 1377 Gelriae

78 1418 189 1484 comiti
222 1426 323 1482 totam
353 1417 498 1493 Frisium,
522 1439 606 1504 quae
626 1420 793 1506 vulgariter
815 1419 932 1486 dicitur
952 1418 1184 1494 Oestlrieslunt,

76 1536 106 1590 et
137 1545 270 1591 omnem
300 1526 395 1590 aliam
426 1526 556 1592 Frisium
586 1528 628 1593 ad
649 1549 711 1593 nos
730 1539 763 1593 et
784 1527 950 1612 imperium
970 1535 1187 1610 spectantem.

77 1643 214 1719 excepta
245 1633 405 1698 duntaxat
435 1635 487 1700 ills
520 1647 630 1721 parte,
664 1637 707 1701 ad
739 1636 880 1702 nobilem
910 1635 1010 1700 virum
1038 1633 1189 1700 comitem

77 1741 270 1808 llollandiae
290 1743 490 1826 pertinente,
522 1744 563 1809 de
583 1755 762 1810 nostrorum
783 1765 952 1831 procerum
973 1743 1108 1810 consitio
1128 1743 1190 1808 du·

76 1853 183 1916 ximus
214 1851 496 1931 committendam
527 1854 641 1918 dautes
672 1853 773 1918 eidem
805 1853 981 1938 plenariam
1002 1859 1189 1936 potestatem

77 1981 131 2046 per
166 1981 201 2024 se
233 1968 264 2023 et
294 1977 366 2022 suos
401 1959 441 2024 de
474 1959 585 2024 debitis
605 1961 824 2044 cognoscendi
847 1970 878 2025 et
898 1959 1070 2044 puniendi,
1106 1958 1190 2024 iudi·

77 2069 194 2143 candi,
226 2067 465 2142 sententiandi,
502 2069 537 2131 in
570 2068 767 2133 facinorosos
805 2067 946 2132 homines
987 2067 1189 2134 animadver-

79 2177 180 2254 tendi,
201 2194 323 2260 poenas
343 2175 624 2260 imponendi,iura
646 2186 753 2240 nostra
775 2185 806 2241 et
827 2175 948 2258 imperii
971 2174 1187 2258 recuperandi,

79 2283 278 2372 ampliandi,
301 2283 451 2348 collectas
471 2303 525 2348 seu
545 2285 721 2369 precarias,
745 2304 820 2349 cum
841 2282 898 2346 sibi
920 2280 1074 2349 videbitur
1094 2301 1189 2366 expe-

77 2392 166 2468 dire,
190 2390 350 2466 faciendi,
366 2391 402 2454 in
423 2392 491 2476 ipsa
514 2393 606 2458 Frisia
627 2393 776 2458 officiales
795 2391 914 2457 iudices
934 2409 994 2474 pro
1015 2409 1048 2453 se
1068 2389 1189 2454 consti·

79 2499 209 2574 tuendi,
232 2498 301 2562 iura
322 2497 498 2576 condendi,
523 2521 561 2566 ea
583 2500 801 2576 conservandi,
821 2499 976 2572 faciendi.
1000 2496 1189 2575 ordinandi,

76 2605 274 2692 disponendi
295 2615 326 2671 et
347 2608 529 2684 tractandi,
549 2631 633 2694 quae
652 2609 774 2684 lacere,
794 2608 946 2673 ordinere
967 2617 999 2671 ct
1020 2607 1188 2692 disponere

76 2734 259 2798 possemus,
294 2713 318 2776 si
350 2733 484 2780 memus
512 2715 557 2780 ibi
579 2715 785 2800 personaliter
806 2713 982 2778 constituti.
1029 2714 1077 2776 lta
1097 2712 1188 2797 quod

77 2821 114 2886 de
145 2821 238 2884 iustis
267 2821 465 2899 redditibus,
495 2824 581 2888 iustis
610 2823 759 2907 precariis
780 2831 811 2886 et
832 2821 873 2886 de
893 2820 1025 2886 caeteris
1046 2840 1085 2883 ex
1104 2820 1187 2883 iusto

75 2929 199 2996 iudicio
230 2930 488 3012 provenientibus
508 2931 618 3006 nobis,
651 2933 697 2996 vel
719 2932 835 2996 nostris
855 2931 890 2994 in
911 2927 1043 3012 imperio
1063 2946 1188 2991 succos·

74 3038 214 3112 sonibus,
233 3037 402 3122 legitimam
424 3042 577 3106 tenebitur
598 3040 845 3127 computationis
866 3039 996 3104 reddere
1017 3037 1186 3102 rationem.

74 3143 177 3211 Porro
200 3145 398 3229 praedictam
420 3149 568 3225 Frisium,
591 3171 691 3235 quem
712 3150 801 3215 dicto
822 3149 931 3214 comiti
953 3147 1075 3212 Gelrine
1095 3145 1188 3209 duxi·

74 3272 143 3318 mus
178 3254 465 3333 committendam,
497 3279 553 3341 per
582 3278 641 3321 nos
672 3257 721 3322 vel
751 3267 877 3321 nostros
907 3274 1099 3320 successores
1120 3273 1188 3317 uon

73 3361 196 3428 debere
215 3363 368 3428 ullatenus
390 3367 544 3442 amoveri,
566 3367 623 3430 nisi
643 3367 730 3451 prius
752 3365 792 3430 de
813 3363 954 3448 expensis
974 3374 1006 3426 et
1027 3360 1185 3446 impensis,

74 3491 156 3556 quas
196 3470 232 3532 iu
261 3474 506 3556 recuperatione
534 3485 566 3538 et
600 3475 825 3538 reformatione
856 3473 951 3555 ipsius
981 3470 1095 3533 Frisiae
1125 3487 1187 3552 pro

73 3597 104 3642 se
134 3588 171 3642 et
202 3577 264 3640 suis
296 3576 420 3644 duxerit
451 3581 615 3645 faciendas
646 3591 678 3646 et
707 3579 934 3664 exponendas,
968 3577 1025 3640 sibi
1058 3576 1105 3642 vel
1127 3574 1188 3637 suis

3 3775 4 3780 ἵ
73 3684 244 3752 heredibus
274 3707 331 3772 per
360 3707 421 3752 nos
453 3688 499 3750 vel
530 3708 721 3754 successores
758 3697 884 3752 nostros
916 3685 1040 3771 penitus
1060 3682 1186 3759 refusis,

73 3792 264 3880 praehabita
294 3796 541 3880 computationis
569 3798 706 3883 legitima
727 3797 862 3864 ratione.
897 3795 996 3860 lionis
1016 3814 1091 3860 vero
1110 3790 1190 3855 liba·

73 3901 277 3980 ralitstibus,
299 3903 441 3968 enoeniis
454 3902 518 3989 (⁸‘),
543 3903 736 3980 redditibus,
759 3903 966 3988 proventibus
985 3922 1039 3966 seu
1060 3898 1190 3985 quibus·

110 4139 164 4212 (1»)
203 4139 365 4212 Legendum
382 4160 442 4197 esse
461 4146 591 4214 suspicor
617 4147 735 4198 exeniis·
772 4146 925 4207 Baeenium,
946 4145 1023 4212 quod
1041 4141 1189 4194 servitium

77 4235 321 4306 interpretantur,
339 4237 413 4293 idern
431 4255 491 4296 ease
510 4240 636 4294 creditur
655 4241 731 4310 quod
749 4241 879 4307 xenium,
897 4230 1016 4314 iratior,
1045 4232 1191 4310 hospita&
