2916 5150
288 434 351 533 134
734 461 954 526 Wonnnai

286 682 344 738 lte
362 677 591 735 fundatione
623 679 945 734 monasteriorum
963 675 1089 730 Aulae
1116 675 1213 742 ltet,
1239 675 1396 732 Geretae

304 776 345 830 et
361 774 506 828 Bouwe
526 769 698 825 cloester
715 772 755 831 et
769 768 1084 840 praedicatorum
1096 769 1137 824 tn
1151 768 1374 824 neveruis.

712 960 810 1026 cit.
832 959 958 1024 XXXII.

329 1181 422 1240 Anno
443 1177 567 1239 Domini
589 1177 771 1251 mccxxxiii,
795 1175 852 1239 sub
874 1175 994 1238 Ottone
1016 1172 1105 1236 huius
1125 1173 1259 1236 nominis
1281 1175 1393 1247 tertio,
1424 1205 1432 1220 ·*

287 1288 438 1371 episcopo
460 1285 649 1348 Traiectensi
671 1285 801 1369 dequo
823 1304 917 1368 supra
940 1283 1090 1355 diximus,
1117 1291 1205 1344 sexto
1225 1281 1294 1344 idus
1314 1281 1396 1365 Sep·

287 1391 432 1468 tembris,
469 1415 487 1455 a
518 1393 711 1456 fundatione
731 1393 914 1457 monasterii
936 1391 1051 1455 Floridi
1073 1391 1183 1474 Campi
1205 1411 1296 1454 anno
1319 1391 1393 1466 xlii,

287 1501 433 1564 fundavit
467 1500 616 1562 dominus
649 1499 741 1561 llodo
771 1511 904 1583 quartus
935 1499 1034 1562 abbas
1054 1498 1169 1562 Floridi
1192 1498 1302 1582 Campi
1325 1521 1397 1562 mo·

286 1609 455 1672 nestorium
478 1609 597 1671 ordinis
618 1607 838 1672 'cisterciensis
870 1607 1155 1672 sanctimonialium
1177 1607 1297 1671 dictum
1315 1609 1397 1671 Aula

287 1717 342 1780 Dei
376 1718 482 1800 (vulgo
505 1717 717 1801 Nyecloester)
742 1717 907 1783 adducens
928 1717 1045 1781 ibidem
1067 1717 1221 1781 moniales
1242 1716 1281 1779 de
1301 1715 1397 1780 Sion.

287 1824 468 1888 Fundatum
500 1834 545 1884 est
578 1832 683 1885 autem
714 1825 942 1886 monasterium
967 1824 1064 1887 dulae
1096 1824 1151 1888 Dei
1172 1824 1207 1887 in
1227 1823 1397 1907 possessio-

226 1929 231 1956 '
287 1933 381 1996 nibus
412 1931 515 1993 lratris
554 1929 669 1994 Ulbodi
691 1931 855 2006 conversi,
888 1932 1017 2014 professi
1049 1934 1082 1996 in
1103 1933 1229 1996 Florido
1250 1933 1397 2016 Campo,

241 2087 242 2094 κ
287 2049 342 2125 qui
375 2041 427 2102 illa
460 2038 592 2122 praedia
613 2059 673 2121 pro
695 2039 819 2102 animae
840 2061 914 2102 suae
935 2041 1033 2104 salute
1054 2041 1096 2104 ad
1117 2040 1180 2106 hoc
1200 2041 1396 2116 donaverat,

287 2159 321 2212 ut
351 2149 467 2212 ibidem
490 2147 579 2212 omni
608 2157 750 2230 tempore
772 2149 955 2213 consisteret
976 2152 1203 2214 monasterium
1232 2171 1399 2215 sacrarum

287 2257 444 2340 virginum
478 2257 542 2318 Deo
574 2265 728 2337 perpetuo
762 2258 972 2322 servientium.
1017 2257 1100 2322 Obiit
1123 2270 1227 2323 autem
1250 2260 1319 2343 ipse
1340 2259 1396 2323 Ut-

286 2364 390 2428 bodus
422 2363 576 2426 fundator
607 2364 786 2426 monasterii
807 2365 906 2428 Aulae
928 2367 983 2429 Dei
1005 2367 1295 2452 quinto'calendes
1316 2369 1399 2452 Sep·

287 2471 433 2542 tembris,
477 2469 593 2531 ibidem
635 2469 783 2553 sepultus.
838 2478 939 2536 Anno
972 2475 1103 2538 Domini
1133 2477 1238 2539 mccxl
1270 2477 1398 2540 fuit-in

287 2579 455 2652 Twislum,
486 2577 640 2661 parocbia
672 2579 776 2642 sancti
797 2583 981 2666 Augustini,
1007 2584 1052 2647 vir
1082 2585 1214 2669 quidam
1246 2587 1333 2651 dives
1369 2596 1400 2651 et

247 2701 249 2705 ·
286 2698 402 2772 potens
433 2683 560 2750 Gericus
590 2685 645 2748 sivi
662 2685 799 2750 'Gercke
831 2691 984 2765 nomine,
1016 2712 1083 2755 non
1118 2692 1237 2756 habens
1269 2693 1399 2762 liberos.

286 2797 429 2882 Ideoque
459 2795 558 2858 Deum
592 2794 749 2858 bonorum
782 2817 910 2859 suorum
933 2802 1061 2884 cupiens
1082 2801 1187 2865 facere
1206 2802 1399 2878 haeredem,

287 2906 456 2970 claustrum
490 2902 596 2985 coepit
627 2901 798 2966 aedificare
829 2905 862 2967 in
886 2907 1132 2993 Wigaratborpe
1153 2931 1279 2974 suorum
1300 2933 1401 2995 prae·

287 3014 423 3076 diorum.
469 3010 530 3090 Qui
563 3012 722 3074 accedens
752 3011 794 3074 ad
815 3013 987 3078 Sidachum
1009 3015 1159 3082 abbatem
1181 3018 1398 3104 Claricampi,

205 3157 207 3162 ·
286 3119 479 3182 intentionis
497 3116 581 3181 'suae
612 3118 713 3182 eidem
744 3123 893 3186 revelavit
924 3144 1101 3200 arcanum,
1133 3137 1244 3212 petens
1275 3127 1331 3192 sibi
1363 3131 1399 3194 in

284 3229 408 3291 idoneis
428 3227 566 3310 personis
588 3228 686 3289 Deum
710 3229 903 3304 timentibus,
929 3232 1059 3317 aliisque
1080 3235 1185 3298 ordini
1207 3236 1399 3302 Cistercien·

282 3337 364 3399 sium
385 3335 566 3398 necessariis
585 3335 754 3418 provideri.
776 3337 884 3416 'Quod
908 3349 938 3402 et
959 3340 1280 3409 dominus'Sidachus
1299 3367 1397 3429 prae·

284 3445 366 3507 fatus
387 3445 487 3517 omni,
512 3463 578 3528 qua
599 3444 720 3525 poluit,
746 3445 902 3529 diligentia
925 3448 1030 3514 facere
1052 3473 1185 3525 curans,
1210 3455 1397 3537 praeposuit

283 3554 385 3617 eidem
420 3551 614 3614 monasterio
646 3551 679 3614 in
702 3553 837 3636 primum
861 3553 1008 3620 abbatem
1030 3560 1159 3624 fratrem
1180 3561 1396 3626 Wibrandum

281 3660 317 3722 in
349 3659 560 3740 Clarocampo
596 3658 771 3742 professum
793 3661 893 3726 virum
914 3663 1055 3744 bonum,
1093 3668 1223 3732 doctum
1245 3681 1276 3733 et
1298 3671 1398 3736 nobi·

281 3765 353 3829 lem.
398 3766 539 3830 Vocatur
571 3764 634 3828 hoe
653 3769 881 3832 monasterium
901 3771 936 3835 in
958 3774 1076 3840 Latino
1096 3777 1311 3856 Hierusalem,
1336 3779 1393 3845 sed

282 3873 376 3958 vulgo
398 3872 527 3938 Gerckis
549 3872 692 3938 cloester.

321 3982 443 4046 Eodem
466 3991 607 4066 tempore
628 3982 685 4047 luit
708 3983 741 4046 in
774 4007 859 4073 pago
880 3990 984 4055 sancti
1006 3993 1168 4077 Augustini
1190 3996 1236 4061 vir
1256 3995 1393 4082 quidam

281 4088 364 4151 dives
396 4100 426 4152 et
459 4089 573 4154 nobilis
594 4092 723 4155 nomine
746 4093 891 4172 Bouwo,
915 4118 975 4162 nec
997 4119 1127 4165 uxorem
1148 4101 1291 4179 habens,
1326 4125 1395 4170 nec

279 4193 413 4270 liberos,
450 4200 506 4280 qui
537 4208 755 4266 construxerat
786 4203 851 4269 iam
882 4205 1005 4289 pridem
1038 4211 1187 4276 sacellam
1216 4211 1313 4280 beato
1335 4215 1395 4280 Ni·
