2916 5150
305 513 367 578 120
742 504 964 575 WottPnnJ

300 681 465 766 episcopus
497 679 701 745 Traiecteusis
733 678 774 743 ab
795 680 933 746 ilenrico
953 678 1142 762 imperatore
1163 687 1279 762 quarto
1301 676 1405 761 impe·

300 797 457 864 traverot,
490 788 581 874 quod
613 798 719 851 tamen
744 809 850 851 verum
872 786 1037 850 essecrotio
1057 795 1089 850 et
1109 796 1288 871 temporum
1310 807 1404 850 com·

298 898 423 983 putatio
452 905 558 979 negot.
603 895 684 959 llam
713 895 768 958 iste
797 894 969 958 Florentius
990 893 1120 958 moritur
1140 903 1314 979 antequam
1337 894 1403 956 Lo·

298 1005 416 1069 tharius
436 1004 479 1068 ad
501 1002 663 1087 imperium
684 1003 855 1067 asciscitur.
885 1001 1014 1086 Eligitur
1034 1001 1116 1065 enim
1130 1001 1164 1065 iu
1177 1001 1402 1085 imperatorem

298 1133 383 1176 enno
405 1110 531 1175 Domini
553 1109 712 1186 mcxxviii;
736 1119 767 1172 et
789 1105 964 1172 Florentius
983 1109 1040 1173 iste
1060 1107 1138 1172 obiit
1159 1127 1250 1171 anuo
1272 1107 1403 1170 Domini

297 1219 412 1283 mcxxi.
445 1216 542 1300 Quod
562 1217 655 1301 igitur
676 1215 810 1293 dicunt,
831 1217 1072 1301 intelligendum
1094 1215 1235 1281 existimo
1246 1214 1285 1279 de
1296 1214 1404 1278 Ilieo-

298 1329 407 1394 derico
427 1327 492 1390 eius
510 1326 578 1390 lilio
599 1336 631 1389 et
651 1343 839 1390 successore.
870 1325 931 1411 Iste
952 1309 1251 1387 Florentius'habuit
1270 1342 1405 1386 uxorem

297 1435 508 1501 Petronellunr¹
541 1454 680 1497 sororem
709 1431 846 1495 Lotharii
868 1429 1202 1516 imperatoris,'·tquae
1222 1441 1295 1515 post
1315 1451 1403 1494 mor·

297 1554 360 1608 tem
389 1542 491 1605 mariti
523 1541 569 1603 sui
600 1539 775 1603 elemosinis
807 1540 938 1626 aliisque
970 1539 1064 1603 bonis
1084 1540 1209 1604 intenta
1231 1539 1401 1623 operibus,

295 1650 443 1714 fundavit
474 1648 699 1712 monasterium
731 1647 917 1712 monialium
951 1647 1071 1711 ordinis
1100 1648 1203 1711 sancti
1233 1647 1400 1712 Benedicti

296 1757 417 1822 dictum
438 1755 638 1820 Reinsburch
658 1776 759 1840 prope
780 1753 893 1819 Leidis.
934 1758 1034 1819 Auno
1056 1755 1177 1820 Domini
1197 1775 1278 1822 mcx,
1292 1755 1401 1821 civitas

295 1864 481 1948 Groniugen
504 1862 608 1946 primo
629 1882 742 1936 muro,
774 1861 874 1946 portis
904 1872 936 1926 et
965 1861 1102 1926 turribus
1122 1863 1280 1947 cingitur,
1312 1882 1399 1946 quae

293 1972 379 2055 prius
399 1972 507 2057 ligneis
529 1969 641 2035 tabulis
660 1981 834 2056 utcumque
855 1970 978 2034 munita
998 1981 1075 2036 erat.

327 2461 386 2530 De
404 2455 644 2514 mneoderteo
662 2454 777 2512 nutus
794 2456 959 2514 nominis
977 2454 1109 2524 sexto,
1127 2453 1365 2513 ltollandtae
1393 2461 1397 2466 '

361 2551 502 2607 comite
528 2561 653 2616 nono,
680 2549 749 2619 qul
773 2548 964 2619 pugnavit
986 2561 1074 2606 cu
1099 2547 1330 2606 monibus

395 2643 438 2699 et
453 2642 565 2699 vtctt.
597 2641 795 2700 Alc-arlo
810 2642 989 2699 vastatur
1006 2656 1030 2697 a
1046 2640 1288 2700 Frtsontburs.

744 2842 833 2909 CAP.
856 2841 943 2908 VIII.

332 3055 492 3118 Florentio
525 3063 653 3117 mortuo
682 3055 828 3119 successit
859 3055 941 3121 filius
967 3057 1034 3121 eius
1062 3055 1272 3122 Theodericus
1291 3068 1398 3123 sextus

289 3157 380 3225 huius
417 3160 573 3235 nominis,
618 3180 726 3225 nonus
769 3183 875 3228 comes
907 3163 1096 3229 liollandiae
1136 3174 1167 3228 et
1199 3163 1393 3244 Zelandiae,

289 3267 344 3333 sed
373 3267 516 3330 Frisones
543 3287 614 3330 eum
647 3268 786 3352 recipere
806 3271 991 3336 noluerunt.
1036 3276 1132 3335 Anno
1152 3269 1244 3357 igitur
1265 3272 1395 3338 Domini

289 3375 413 3441 mcxxxi
434 3372 569 3439 brumali
589 3383 748 3458 tempore,
771 3396 846 3440 cum
866 3377 980 3462 glacies
999 3378 1395 3464 fortissimaomnemope·

289 3493 394 3548 ruerat
427 3492 561 3559 terram,
593 3502 699 3548 comes
719 3481 928 3550 Theodericus
949 3505 1101 3571 magnum
1122 3497 1154 3549 et
1173 3485 1288 3550 fortem
1309 3507 1394 3552 con·

288 3611 423 3676 gregans
442 3589 613 3655 exercitum
634 3591 720 3656 venit
741 3591 952 3670 Memoriam,
987 3601 1084 3679 atque
1113 3591 1164 3656 die
1184 3592 1283 3658 altera
1303 3615 1394 3678 egre·

290 3698 380 3760 diens
411 3697 566 3760 commisit
597 3719 670 3762 cum
702 3699 745 3762 eis
775 3700 929 3783 proelium
950 3720 1042 3785 super
1063 3699 1210 3784 glaciem,
1233 3711 1265 3765 et
1285 3703 1392 3768 multis

290 3803 387 3868 caesis
406 3803 573 3888 multisque
593 3804 715 3888 captis,
737 3825 887 3890 maguam
900 3804 1113 3872 Occidentalis
1133 3808 1246 3873 Frisiae
1265 3820 1392 3894 partem
1449 3893 1450 3898 ἵ

288 3910 439 3978 incendio
459 3911 664 3994 consumpsit.
708 3911 820 3977 Comes
839 3914 896 3978 iste
916 3912 1025 3980 habuit
1045 3916 1173 3980 fratrem
1194 3916 1390 3984 Florentium

288 4022 439 4094 nomine,
473 4021 528 4106 qui
558 4018 712 4084 rebellans
743 4032 854 4087 contra
876 4025 1023 4088 comitem
1044 4025 1171 4090 fratrem
1191 4046 1306 4101 suum,
1341 4049 1392 4092 se·
1449 4017 1450 4066 3

290 4129 377 4191 cessit
409 4129 451 4192 ad
470 4126 690 4193 Occidentaler
723 4129 876 4196 Frisones.
919 4131 981 4213 Qui
1013 4133 1118 4197 laetati
1140 4137 1205 4198 eius
1226 4134 1388 4212 adventu,

289 4253 328 4296 eo
359 4234 449 4316 quod
479 4235 622 4301 iuimicus
654 4247 730 4301 esset
761 4237 869 4302 comiti
905 4237 1110 4316 Ilollandiue,
1156 4243 1390 4310 constituerunt
1448 4297 1449 4310 ,
