2916 5150
451 467 699 532 nnttotttcott.
1069 469 1128 534 12⁹

18 637 172 731 statores,
217 633 360 699 videlicet
392 635 609 720 praepositura
637 634 818 698 monialium
852 636 885 698 in
919 633 1121 721 Aeningbsn,

18 736 239 829 ipracpositura
261 743 443 807 monialium
464 745 496 807 in
508 741 654 808 Achtium
675 752 707 806 et
726 745 941 827 praepositura
954 744 1128 808 sanctimo-

18 846 27 918 i
44 850 142 916 natium
171 849 205 912 in
223 846 435 925 'Sciritdwsrt‚
472 870 561 914 nunc
583 867 657 930 vero
677 869 820 912 sororum
841 849 874 913 in
896 847 1005 934 Oegho
1026 850 1128 914 cloes·

18 963 88 1047 iter.
115 958 263 1021 Dominus
282 956 490 1043 Wigboldus,
513 959 631 1042 primns
652 956 751 1021 abbas
771 960 804 1022 in
825 957 1125 1043 Ludingireirercke‚

18 1053 80 1156 irin
105 1086 238 1152 magnae
266 1065 442 1129 sanctitatis
462 1066 575 1130 claruit
595 1065 763 1129 miraculis.
805 1065 845 1129 In
866 1066 930 1129 rita
952 1066 1127 1142 [trederici.

44 1175 117 1259 primi
145 1173 324 1238 fundatoris
343 1183 374 1237 et
396 1173 519 1238 abbatis
539 1173 629 1236 Horti
652 1172 787 1247 itariae,
817 1174 910 1238 refert
930 1171 1125 1246 sibendun,

18 1309 21 1346 r
44 1281 159 1346 eiusdem
179 1280 360 1346 monasterii
380 1290 483 1346 sexsus
504 1279 619 1355 abbas,
643 1279 734 1364 quod
757 1299 842 1343 anno
864 1281 986 1344 Domini
1004 1281 1128 1346 mclxxx

43 1389 130 1454 adhuc
159 1389 360 1454 consuetudo
390 1397 457 1452 erat
489 1389 523 1452 iu
557 1387 652 1452 Frisia
684 1408 722 1452 ex
753 1386 926 1453 traditione
956 1389 1129 1474 primitivae

43 1497 189 1574 andraias,
231 1496 322 1581 qnod
362 1496 396 1560 in
429 1495 670 1582 quadragesima
702 1497 772 1561 nati
803 1495 1022 1562 cathecumeni
1056 1494 1129 1579 (nisi

42 1607 196 1690 periculum
218 1604 408 1690 immineret)
432 1625 532 1690 usque
551 1604 669 1690 pascha
689 1603 949 1683 reservabantur,
982 1615 1018 1668 ut
1039 1603 1131 1670 novis

17 1723 104 1778 ztuno
132 1712 275 1778 fontibus
305 1713 554 1800 baptizarentur.
607 1712 698 1778 Idem
730 1711 824 1778 refert
855 1711 992 1788 ibidem,
1040 1710 1129 1797 quod

44 1844 118 1888 anno
146 1824 278 1889 Domini
307 1824 432 1888 mclxxx
465 1831 557 1886 tanta
579 1819 637 1884 fuit
658 1821 801 1886 sterilitas
821 1831 852 1886 et
873 1821 990 1896 fames.
1015 1829 1050 1884 ut
1069 1838 1130 1904 pro

44 1933 160 2016 panibus
179 1932 328 1996 homines
349 1931 457 1996 ostreis
477 1929 608 1994 marinis
628 1929 771 1994 miseram
792 1939 970 1995 recrearent
993 1927 1098 1994 sitam.

134 2391 189 2446 De
208 2387 439 2446 fundatione
458 2387 684 2444 monasterti
701 2384 852 2444 Flertdt
870 2383 1019 2454 campi.

484 2586 571 2651 cnt’.
593 2586 680 2653 Xlll.

79 2806 173 2869 Anno
203 2804 333 2868 Domini
365 2803 466 2870 mcxci
497 2802 566 2888 ipso
587 2802 639 2866 die
660 2800 744 2865 beati
767 2800 924 2866 Bonifacii
944 2799 1085 2884 episcopi
1106 2808 1137 2862 et

43 2913 174 3000 martyris
206 2933 249 2977 ac
278 2911 435 2977 sociorum
457 2910 540 2986 eius,
572 2909 614 2973 de
634 2927 793 2974 consensu
814 2906 938 2972 domini
959 2904 1138 2972 Batdewini

45 3020 167 3084 vicesimi
200 3020 285 3085 noni
316 3018 456 3104 episcopi
487 3018 687 3084 Traiectensis
716 3015 850 3080 mndata
880 3026 911 3081 et
944 3016 1072 3099 incepta
1094 3022 1139 3078 ast

44 3135 188 3193 structura
227 3126 373 3192 abbatiae
401 3125 517 3190 Doridi
538 3124 649 3210 Campi
670 3124 704 3188 in
727 3122 968 3208 possessionibus
989 3123 1139 3187 domino·

45 3255 107 3298 rum
148 3236 268 3302 Titardi
308 3243 339 3300 et
372 3232 524 3298 Herdradi
553 3232 827 3318 presbyterorum,
869 3230 979 3296 Sibodi
1010 3251 1141 3316 qnoque

16 3341 17 3390 ἲ
45 3339 106 3406 laici
135 3344 282 3406 fratrum.
324 3342 378 3405 Isti
409 3340 579 3406 venerandi
611 3349 671 3404 tres
699 3340 812 3404 fratres
844 3339 936 3423 primi
958 3339 1143 3404 fundatores

16 3431 17 3482 3
46 3447 151 3514 Doridi
172 3450 287 3534 Campi
319 3449 410 3533 (alias
439 3446 519 3513 Otde
551 3447 696 3530 cloester)
734 3447 859 3511 attracti
886 3445 987 3510 odore
1006 3456 1037 3511 et
1057 3447 1141 3509 fama

45 3560 198 3644 religiosae
235 3560 317 3623 sitae
349 3557 668 3642 Ciaricampensium‚
704 3554 813 3618 omnia
844 3573 898 3616 sna
933 3553 1144 3639 relinquentes

44 3684 72 3728 se
100 3668 185 3752 ipsos
219 3677 331 3752 sponte
362 3666 421 3731 sub
450 3666 536 3730 suavi
558 3665 633 3750 iugo
654 3662 766 3729 Christi
786 3660 1014 3737 submiserunt,
1049 3664 1145 3745 assig-

45 3786 150 3839 nantes
181 3787 249 3844 tarn
282 3773 409 3838 mobilia
439 3795 517 3848 sua,
552 3793 650 3859 quam
681 3769 873 3847 immobiDa‚
907 3791 967 3856 pro
986 3769 1146 3836 erectione

43 3882 325 3948 novimonasterii.
369 3881 468 3966 igitur
488 3890 620 3964 peracto
642 3879 820 3944 noviciatus
840 3879 886 3943 aui
909 3899 1020 3952 anno.
1053 3895 1145 3942 anno

45 3991 182 4056 videlicet
205 3991 334 4054 Domini
354 3989 488 4064 mancii,
523 3989 592 4072 ipso
614 3986 665 4052 die
685 3984 861 4051 Christinae
881 3986 1020 4070 virginis.
1055 4005 1148 4050 rene·

44 4099 141 4164 rabilis
164 4100 311 4164 dominus
326 4096 528 4162 Gerbrandus
547 4093 821 4162 abbas-secundus
835 4091 1034 4177 Claricampi‚
1054 4112 1147 4178 prae-

46 4205 162 4273 dictum
197 4206 364 4271 dominum
397 4204 559 4268 Titardum
590 4201 792 4266 fundatorem
813 4199 964 4284 praefecit
984 4199 1019 4264 in
1040 4198 1148 4263 Abba·

1004 4309 1025 4370 D
