<?xml version="1.0" encoding="UTF-8"?>
<!DOCTYPE html PUBLIC "-//W3C//DTD XHTML 1.0 Transitional//EN"
    "http://www.w3.org/TR/xhtml1/DTD/xhtml1-transitional.dtd">
<html xmlns="http://www.w3.org/1999/xhtml" xml:lang="en" lang="en">
 <head>
  <title>
</title>
<meta http-equiv="Content-Type" content="text/html;charset=utf-8" />
  <meta name='ocr-system' content='tesseract 3.04.00' />
  <meta name='ocr-capabilities' content='ocr_page ocr_carea ocr_par ocr_line ocrx_word'/>
</head>
<body>
  <div class='ocr_page' id='page_1' title='image "./worperityaerdae00worpgoog_0045.png"; bbox 0 0 2950 5144; ppageno 0'>
   <div class='ocr_carea' id='block_1_1' title="bbox 494 487 1162 564">
    <p class='ocr_par' dir='ltr' id='par_1_1' title="bbox 494 487 1162 564">
     <span class='ocr_line' id='line_1_1' title="bbox 494 487 1162 564; baseline -0.004 -11"><span class='ocrx_word' id='word_1_1' title='bbox 494 487 743 557; x_wconf 72' lang='lat' dir='ltr'><strong>canonicor.</strong></span> <span class='ocrx_word' id='word_1_2' title='bbox 1119 497 1162 564; x_wconf 68' lang='grc'><strong>33</strong></span> 
     </span>
    </p>
   </div>
   <div class='ocr_carea' id='block_1_2' title="bbox 8 654 1160 3108">
    <p class='ocr_par' dir='ltr' id='par_1_2' title="bbox 8 654 1160 3108">
     <span class='ocr_line' id='line_1_2' title="bbox 44 654 1160 744; baseline 0.007 -26"><span class='ocrx_word' id='word_1_3' title='bbox 44 657 154 719; x_wconf 80' lang='lat' dir='ltr'><strong>ferens</strong></span> <span class='ocrx_word' id='word_1_4' title='bbox 173 672 308 717; x_wconf 89' lang='lat' dir='ltr'><strong>manum</strong></span> <span class='ocrx_word' id='word_1_5' title='bbox 330 654 511 734; x_wconf 77' lang='lat' dir='ltr'><strong>fortiorem,</strong></span> <span class='ocrx_word' id='word_1_6' title='bbox 548 679 632 744; x_wconf 87' lang='lat' dir='ltr'><strong>quae</strong></span> <span class='ocrx_word' id='word_1_7' title='bbox 653 661 840 742; x_wconf 76' lang='lat' dir='ltr'>praemissae</span> <span class='ocrx_word' id='word_1_8' title='bbox 860 660 1014 726; x_wconf 89' lang='lat' dir='ltr'><strong>adiuncta</strong></span> <span class='ocrx_word' id='word_1_9' title='bbox 1036 661 1160 728; x_wconf 75' lang='lat' dir='ltr'>cohorti</span> 
     </span>
     <span class='ocr_line' id='line_1_3' title="bbox 42 760 1157 854; baseline 0.009 -29"><span class='ocrx_word' id='word_1_10' title='bbox 42 760 223 825; x_wconf 88' lang='lat' dir='ltr'><strong>exereitum</strong></span> <span class='ocrx_word' id='word_1_11' title='bbox 256 760 469 826; x_wconf 78' lang='lat' dir='ltr'><strong>invincibilem</strong></span> <span class='ocrx_word' id='word_1_12' title='bbox 500 764 585 830; x_wconf 87' lang='lat' dir='ltr'><strong>iecit.</strong></span> <span class='ocrx_word' id='word_1_13' title='bbox 641 765 853 850; x_wconf 88' lang='lat' dir='ltr'><strong>Suscepernnt</strong></span> <span class='ocrx_word' id='word_1_14' title='bbox 884 789 961 854; x_wconf 88' lang='lat' dir='ltr'><strong>ergo</strong></span> <span class='ocrx_word' id='word_1_15' title='bbox 983 769 1157 846; x_wconf 85' lang='lat' dir='ltr'><strong>&#39;Saxonea,</strong></span> 
     </span>
     <span class='ocr_line' id='line_1_4' title="bbox 43 867 1159 955; baseline 0.013 -25"><span class='ocrx_word' id='word_1_16' title='bbox 43 868 106 955; x_wconf 84' lang='lat' dir='ltr'><strong>qui</strong></span> <span class='ocrx_word' id='word_1_17' title='bbox 146 867 365 943; x_wconf 88' lang='lat' dir='ltr'><strong>advenerant,</strong></span> <span class='ocrx_word' id='word_1_18' title='bbox 410 869 518 935; x_wconf 92' lang='lat' dir='ltr'><strong>locum</strong></span> <span class='ocrx_word' id='word_1_19' title='bbox 559 870 760 938; x_wconf 87' lang='lat' dir='ltr'><strong>habitationis</strong></span> <span class='ocrx_word' id='word_1_20' title='bbox 801 877 884 941; x_wconf 89' lang='lat' dir='ltr'><strong>inter</strong></span> <span class='ocrx_word' id='word_1_21' title='bbox 917 877 1090 944; x_wconf 78' lang='lat' dir='ltr'><strong>Britannos</strong></span> <span class='ocrx_word' id='word_1_22' title='bbox 1120 897 1159 944; x_wconf 86' lang='lat' dir='ltr'><strong>ea</strong></span> 
     </span>
     <span class='ocr_line' id='line_1_5' title="bbox 46 976 1156 1064; baseline 0.007 -22"><span class='ocrx_word' id='word_1_23' title='bbox 46 976 255 1049; x_wconf 87' lang='lat' dir='ltr'><strong>conditione,</strong></span> <span class='ocrx_word' id='word_1_24' title='bbox 292 985 328 1039; x_wconf 92' lang='lat' dir='ltr'><strong>ut</strong></span> <span class='ocrx_word' id='word_1_25' title='bbox 359 976 390 1039; x_wconf 94' lang='lat' dir='ltr'><strong>bi</strong></span> <span class='ocrx_word' id='word_1_26' title='bbox 423 999 484 1062; x_wconf 85' lang='lat' dir='ltr'><strong>pro</strong></span> <span class='ocrx_word' id='word_1_27' title='bbox 514 981 637 1064; x_wconf 87' lang='lat' dir='ltr'><strong>patria,</strong></span> <span class='ocrx_word' id='word_1_28' title='bbox 673 1001 753 1064; x_wconf 86' lang='lat' dir='ltr'><strong>pace</strong></span> <span class='ocrx_word' id='word_1_29' title='bbox 786 1004 825 1049; x_wconf 91' lang='lat' dir='ltr'><strong>ac</strong></span> <span class='ocrx_word' id='word_1_30' title='bbox 855 985 955 1050; x_wconf 88' lang='lat' dir='ltr'><strong>salute</strong></span> <span class='ocrx_word' id='word_1_31' title='bbox 985 986 1156 1052; x_wconf 72' lang='lat' dir='ltr'><strong>militarent</strong></span> 
     </span>
     <span class='ocr_line' id='line_1_6' title="bbox 44 1084 1158 1179; baseline 0.009 -31"><span class='ocrx_word' id='word_1_32' title='bbox 44 1093 165 1148; x_wconf 88' lang='lat' dir='ltr'><strong>contra</strong></span> <span class='ocrx_word' id='word_1_33' title='bbox 198 1084 410 1160; x_wconf 80' lang='lat' dir='ltr'><strong>adversarios,</strong></span> <span class='ocrx_word' id='word_1_34' title='bbox 441 1086 484 1150; x_wconf 91' lang='lat' dir='ltr'><strong>illi</strong></span> <span class='ocrx_word' id='word_1_35' title='bbox 516 1087 721 1154; x_wconf 74' lang='lat' dir='ltr'><strong>militantibus</strong></span> <span class='ocrx_word' id='word_1_36' title='bbox 750 1091 858 1158; x_wconf 88' lang='lat' dir='ltr'><strong>debita</strong></span> <span class='ocrx_word' id='word_1_37' title='bbox 891 1094 1043 1179; x_wconf 87' lang='lat' dir='ltr'><strong>stipendia</strong></span> <span class='ocrx_word' id='word_1_38' title='bbox 1074 1114 1158 1160; x_wconf 87' lang='lat' dir='ltr'><strong>oon·</strong></span> 
     </span>
     <span class='ocr_line' id='line_1_7' title="bbox 45 1192 1158 1286; baseline 0.008 -30"><span class='ocrx_word' id='word_1_39' title='bbox 45 1193 180 1258; x_wconf 80' lang='lat' dir='ltr'><strong>ferrent.</strong></span> <span class='ocrx_word' id='word_1_40' title='bbox 233 1192 436 1258; x_wconf 84' lang='lat' dir='ltr'><strong>Advenerant</strong></span> <span class='ocrx_word' id='word_1_41' title='bbox 476 1197 562 1260; x_wconf 90' lang='lat' dir='ltr'><strong>enim</strong></span> <span class='ocrx_word' id='word_1_42' title='bbox 605 1194 644 1260; x_wconf 90' lang='lat' dir='ltr'><strong>de</strong></span> <span class='ocrx_word' id='word_1_43' title='bbox 688 1196 786 1262; x_wconf 85' lang='lat' dir='ltr'><strong>tribua</strong></span> <span class='ocrx_word' id='word_1_44' title='bbox 817 1199 1002 1266; x_wconf 73' lang='lat' dir='ltr'><strong>Germaniae</strong></span> <span class='ocrx_word' id='word_1_45' title='bbox 1031 1201 1158 1286; x_wconf 86' lang='lat' dir='ltr'><strong>populis</strong></span> 
     </span>
     <span class='ocr_line' id='line_1_8' title="bbox 46 1298 1156 1386; baseline 0.009 -22"><span class='ocrx_word' id='word_1_46' title='bbox 46 1299 252 1373; x_wconf 77' lang='lat' dir='ltr'><strong>fortioribus,</strong></span> <span class='ocrx_word' id='word_1_47' title='bbox 287 1298 489 1377; x_wconf 84' lang='lat' dir='ltr'><strong>Saxonibus,</strong></span> <span class='ocrx_word' id='word_1_48' title='bbox 536 1302 642 1386; x_wconf 81' lang='lat' dir='ltr'><strong>Anglis</strong></span> <span class='ocrx_word' id='word_1_49' title='bbox 681 1313 712 1366; x_wconf 88' lang='lat' dir='ltr'><strong>et</strong></span> <span class='ocrx_word' id='word_1_50' title='bbox 757 1303 869 1367; x_wconf 86' lang='lat' dir='ltr'><strong>Wiitis.</strong></span> <span class='ocrx_word' id='word_1_51' title='bbox 924 1307 1023 1372; x_wconf 81' lang='lat' dir='ltr'><strong>Duces</strong></span> <span class='ocrx_word' id='word_1_52' title='bbox 1065 1309 1156 1374; x_wconf 75' lang='lat' dir='ltr'><strong>tuisse</strong></span> 
     </span>
     <span class='ocr_line' id='line_1_9' title="bbox 45 1407 1154 1497; baseline 0.006 -27"><span class='ocrx_word' id='word_1_53' title='bbox 45 1407 257 1492; x_wconf 72' lang='lat' dir='ltr'><strong>perhibentur</strong></span> <span class='ocrx_word' id='word_1_54' title='bbox 295 1427 407 1472; x_wconf 88' lang='lat' dir='ltr'><strong>eorum</strong></span> <span class='ocrx_word' id='word_1_55' title='bbox 449 1409 541 1492; x_wconf 85' lang='lat' dir='ltr'><strong>primi</strong></span> <span class='ocrx_word' id='word_1_56' title='bbox 582 1407 648 1473; x_wconf 90' lang='lat' dir='ltr'><strong>diro</strong></span> <span class='ocrx_word' id='word_1_57' title='bbox 681 1408 791 1476; x_wconf 83' lang='lat' dir='ltr'><strong>iratres</strong></span> <span class='ocrx_word' id='word_1_58' title='bbox 821 1413 949 1497; x_wconf 87' lang='lat' dir='ltr'><strong>llengirt</strong></span> <span class='ocrx_word' id='word_1_59' title='bbox 982 1424 1013 1477; x_wconf 84' lang='lat' dir='ltr'><strong>et</strong></span> <span class='ocrx_word' id='word_1_60' title='bbox 1044 1414 1154 1478; x_wconf 81' lang='lat' dir='ltr'><strong>Roma.</strong></span> 
     </span>
     <span class='ocr_line' id='line_1_10' title="bbox 44 1514 1157 1605; baseline 0.004 -26"><span class='ocrx_word' id='word_1_61' title='bbox 44 1517 150 1579; x_wconf 88' lang='lat' dir='ltr'><strong>Erant</strong></span> <span class='ocrx_word' id='word_1_62' title='bbox 178 1515 259 1578; x_wconf 90' lang='lat' dir='ltr'><strong>enim</strong></span> <span class='ocrx_word' id='word_1_63' title='bbox 289 1515 345 1580; x_wconf 88' lang='lat' dir='ltr'><strong>filii</strong></span> <span class='ocrx_word' id='word_1_64' title='bbox 367 1514 552 1601; x_wconf 81' lang='lat' dir='ltr'><strong>Wuatgisli,</strong></span> <span class='ocrx_word' id='word_1_65' title='bbox 589 1518 678 1582; x_wconf 85' lang='lat' dir='ltr'><strong>cuius</strong></span> <span class='ocrx_word' id='word_1_66' title='bbox 697 1527 790 1603; x_wconf 89' lang='lat' dir='ltr'><strong>pater</strong></span> <span class='ocrx_word' id='word_1_67' title='bbox 810 1518 932 1595; x_wconf 84' lang='lat' dir='ltr'><strong>Witta,</strong></span> <span class='ocrx_word' id='word_1_68' title='bbox 957 1521 1046 1585; x_wconf 89' lang='lat' dir='ltr'><strong>cuius</strong></span> <span class='ocrx_word' id='word_1_69' title='bbox 1064 1531 1157 1605; x_wconf 84' lang='lat' dir='ltr'><strong>pater</strong></span> 
     </span>
     <span class='ocr_line' id='line_1_11' title="bbox 46 1623 1155 1714; baseline 0.005 -24"><span class='ocrx_word' id='word_1_70' title='bbox 46 1623 169 1700; x_wconf 81' lang='lat' dir='ltr'><strong>Vecta,</strong></span> <span class='ocrx_word' id='word_1_71' title='bbox 201 1624 292 1688; x_wconf 88' lang='lat' dir='ltr'><strong>cuius</strong></span> <span class='ocrx_word' id='word_1_72' title='bbox 321 1634 412 1708; x_wconf 85' lang='lat' dir='ltr'><strong>pater</strong></span> <span class='ocrx_word' id='word_1_73' title='bbox 432 1624 568 1700; x_wconf 77' lang='lat' dir='ltr'><strong>voden,</strong></span> <span class='ocrx_word' id='word_1_74' title='bbox 603 1625 643 1692; x_wconf 90' lang='lat' dir='ltr'><strong>de</strong></span> <span class='ocrx_word' id='word_1_75' title='bbox 664 1627 752 1691; x_wconf 89' lang='lat' dir='ltr'><strong>cuius</strong></span> <span class='ocrx_word' id='word_1_76' title='bbox 773 1628 869 1713; x_wconf 87' lang='lat' dir='ltr'><strong>stirpe</strong></span> <span class='ocrx_word' id='word_1_77' title='bbox 888 1629 1059 1694; x_wconf 88' lang='lat' dir='ltr'><strong>multarum</strong></span> <span class='ocrx_word' id='word_1_78' title='bbox 1078 1649 1155 1714; x_wconf 88' lang='lat' dir='ltr'><strong>pro·</strong></span> 
     </span>
     <span class='ocr_line' id='line_1_12' title="bbox 45 1731 1154 1824; baseline 0.005 -28"><span class='ocrx_word' id='word_1_79' title='bbox 45 1731 225 1796; x_wconf 85' lang='lat' dir='ltr'><strong>vinciamm</strong></span> <span class='ocrx_word' id='word_1_80' title='bbox 254 1732 372 1818; x_wconf 87' lang='lat' dir='ltr'><strong>regium</strong></span> <span class='ocrx_word' id='word_1_81' title='bbox 403 1753 504 1819; x_wconf 84' lang='lat' dir='ltr'><strong>genua</strong></span> <span class='ocrx_word' id='word_1_82' title='bbox 534 1735 688 1821; x_wconf 73' lang='lat' dir='ltr'><strong>originem</strong></span> <span class='ocrx_word' id='word_1_83' title='bbox 720 1737 819 1801; x_wconf 89' lang='lat' dir='ltr'><strong>duxit.</strong></span> <span class='ocrx_word' id='word_1_84' title='bbox 867 1736 905 1801; x_wconf 88' lang='lat' dir='ltr'><strong>iii</strong></span> <span class='ocrx_word' id='word_1_85' title='bbox 926 1739 1035 1824; x_wconf 85' lang='lat' dir='ltr'><strong>populi</strong></span> <span class='ocrx_word' id='word_1_86' title='bbox 1055 1759 1154 1824; x_wconf 89' lang='lat' dir='ltr'><strong>gran·</strong></span> 
     </span>
     <span class='ocr_line' id='line_1_13' title="bbox 46 1835 1159 1930; baseline 0.006 -26"><span class='ocrx_word' id='word_1_87' title='bbox 46 1835 208 1906; x_wconf 77' lang='lat' dir='ltr'><strong>dmcentes</strong></span> <span class='ocrx_word' id='word_1_88' title='bbox 250 1842 282 1906; x_wconf 94' lang='lat' dir='ltr'><strong>in</strong></span> <span class='ocrx_word' id='word_1_89' title='bbox 314 1842 435 1916; x_wconf 84' lang='lat' dir='ltr'><strong>iiisiila,</strong></span> <span class='ocrx_word' id='word_1_90' title='bbox 473 1842 567 1926; x_wconf 83' lang='lat' dir='ltr'><strong>pulsis</strong></span> <span class='ocrx_word' id='word_1_91' title='bbox 597 1843 693 1930; x_wconf 89' lang='lat' dir='ltr'><strong>longe</strong></span> <span class='ocrx_word' id='word_1_92' title='bbox 726 1843 886 1920; x_wconf 86' lang='lat' dir='ltr'><strong>hostibus,</strong></span> <span class='ocrx_word' id='word_1_93' title='bbox 920 1847 952 1911; x_wconf 93' lang='lat' dir='ltr'><strong>in</strong></span> <span class='ocrx_word' id='word_1_94' title='bbox 985 1847 1159 1911; x_wconf 81' lang='lat' dir='ltr'><strong>Britannos</strong></span> 
     </span>
     <span class='ocr_line' id='line_1_14' title="bbox 46 1950 1154 2038; baseline 0.006 -26"><span class='ocrx_word' id='word_1_95' title='bbox 46 1969 137 2013; x_wconf 87' lang='lat' dir='ltr'><strong>arma</strong></span> <span class='ocrx_word' id='word_1_96' title='bbox 159 1959 277 2016; x_wconf 86' lang='lat' dir='ltr'><strong>vertere</strong></span> <span class='ocrx_word' id='word_1_97' title='bbox 306 1950 487 2034; x_wconf 88' lang='lat' dir='ltr'><strong>incipiunt,</strong></span> <span class='ocrx_word' id='word_1_98' title='bbox 523 1961 554 2014; x_wconf 89' lang='lat' dir='ltr'><strong>et</strong></span> <span class='ocrx_word' id='word_1_99' title='bbox 585 1952 724 2016; x_wconf 88' lang='lat' dir='ltr'><strong>civitates</strong></span> <span class='ocrx_word' id='word_1_100' title='bbox 744 1971 900 2038; x_wconf 74' lang='lat' dir='ltr'><strong>agrosque</strong></span> <span class='ocrx_word' id='word_1_101' title='bbox 920 1952 1154 2038; x_wconf 85' lang='lat' dir='ltr'><strong>depopulantes</strong></span> 
     </span>
     <span class='ocr_line' id='line_1_15' title="bbox 45 2056 1148 2145; baseline 0.006 -25"><span class='ocrx_word' id='word_1_102' title='bbox 45 2056 90 2120; x_wconf 89' lang='lat' dir='ltr'><strong>ab</strong></span> <span class='ocrx_word' id='word_1_103' title='bbox 121 2057 266 2121; x_wconf 80' lang='lat' dir='ltr'><strong>orientali</strong></span> <span class='ocrx_word' id='word_1_104' title='bbox 296 2057 496 2144; x_wconf 88' lang='lat' dir='ltr'><strong>mariusque</strong></span> <span class='ocrx_word' id='word_1_105' title='bbox 518 2057 560 2121; x_wconf 89' lang='lat' dir='ltr'><strong>ad</strong></span> <span class='ocrx_word' id='word_1_106' title='bbox 581 2059 800 2133; x_wconf 87' lang='lat' dir='ltr'><strong>occidentale,</strong></span> <span class='ocrx_word' id='word_1_107' title='bbox 832 2060 922 2124; x_wconf 90' lang='lat' dir='ltr'><strong>nullo</strong></span> <span class='ocrx_word' id='word_1_108' title='bbox 943 2061 1148 2145; x_wconf 83' lang='lat' dir='ltr'><strong>prohibente,</strong></span> 
     </span>
     <span class='ocr_line' id='line_1_16' title="bbox 42 2163 1152 2252; baseline 0.002 -22.944"><span class='ocrx_word' id='word_1_109' title='bbox 42 2185 134 2229; x_wconf 90' lang='lat' dir='ltr'><strong>suum</strong></span> <span class='ocrx_word' id='word_1_110' title='bbox 155 2165 428 2230; x_wconf 88' lang='lat' dir='ltr'><strong>continuaverunt</strong></span> <span class='ocrx_word' id='word_1_111' title='bbox 449 2164 646 2231; x_wconf 80' lang='lat' dir='ltr'><strong>incendium.</strong></span> <span class='ocrx_word' id='word_1_112' title='bbox 690 2163 842 2228; x_wconf 85' lang='lat' dir='ltr'><strong>Ruebant</strong></span> <span class='ocrx_word' id='word_1_113' title='bbox 864 2167 1029 2241; x_wconf 87' lang='lat' dir='ltr'><strong>aedilicia,</strong></span> <span class='ocrx_word' id='word_1_114' title='bbox 1059 2188 1152 2252; x_wconf 84' lang='lat' dir='ltr'><strong>prae·</strong></span> 
     </span>
     <span class='ocr_line' id='line_1_17' title="bbox 10 2257 1152 2359; baseline 0.002 -21"><span class='ocrx_word' id='word_1_115' title='bbox 10 2257 11 2260; x_wconf 19' lang='lat'>¹</span> <span class='ocrx_word' id='word_1_116' title='bbox 42 2274 120 2338; x_wconf 84' lang='lat' dir='ltr'><strong>siries</strong></span> <span class='ocrx_word' id='word_1_117' title='bbox 141 2295 216 2338; x_wconf 90' lang='lat' dir='ltr'><strong>cum</strong></span> <span class='ocrx_word' id='word_1_118' title='bbox 237 2273 362 2359; x_wconf 90' lang='lat' dir='ltr'><strong>populis</strong></span> <span class='ocrx_word' id='word_1_119' title='bbox 381 2274 517 2338; x_wconf 81' lang='lat' dir='ltr'><strong>flammis</strong></span> <span class='ocrx_word' id='word_1_120' title='bbox 536 2273 780 2338; x_wconf 83' lang='lat' dir='ltr'><strong>absumebantur</strong></span> <span class='ocrx_word' id='word_1_121' title='bbox 800 2283 831 2338; x_wconf 89' lang='lat' dir='ltr'><strong>et</strong></span> <span class='ocrx_word' id='word_1_122' title='bbox 851 2274 946 2340; x_wconf 78' lang='lat' dir='ltr'><strong>ferro.</strong></span> <span class='ocrx_word' id='word_1_123' title='bbox 989 2274 1049 2339; x_wconf 78' lang='lat' dir='ltr'><strong>atii</strong></span> <span class='ocrx_word' id='word_1_124' title='bbox 1068 2274 1152 2340; x_wconf 84' lang='lat' dir='ltr'><strong>lame</strong></span> 
     </span>
     <span class='ocr_line' id='line_1_18' title="bbox 42 2381 1151 2466; baseline 0.001 -19"><span class='ocrx_word' id='word_1_125' title='bbox 42 2383 181 2448; x_wconf 84' lang='lat' dir='ltr'><strong>coniecti</strong></span> <span class='ocrx_word' id='word_1_126' title='bbox 214 2403 329 2446; x_wconf 88' lang='lat' dir='ltr'><strong>manus</strong></span> <span class='ocrx_word' id='word_1_127' title='bbox 361 2381 500 2446; x_wconf 83' lang='lat' dir='ltr'><strong>hortibus</strong></span> <span class='ocrx_word' id='word_1_128' title='bbox 532 2381 672 2458; x_wconf 89' lang='lat' dir='ltr'><strong>dabant,</strong></span> <span class='ocrx_word' id='word_1_129' title='bbox 713 2391 745 2446; x_wconf 92' lang='lat' dir='ltr'><strong>et</strong></span> <span class='ocrx_word' id='word_1_130' title='bbox 777 2401 838 2466; x_wconf 89' lang='lat' dir='ltr'><strong>pro</strong></span> <span class='ocrx_word' id='word_1_131' title='bbox 870 2382 1065 2466; x_wconf 88' lang='lat' dir='ltr'><strong>accipiendis</strong></span> <span class='ocrx_word' id='word_1_132' title='bbox 1093 2383 1151 2448; x_wconf 89' lang='lat' dir='ltr'><strong>ali·</strong></span> 
     </span>
     <span class='ocr_line' id='line_1_19' title="bbox 8 2489 1146 2576; baseline 0 -20"><span class='ocrx_word' id='word_1_133' title='bbox 8 2546 10 2576; x_wconf 66' lang='lat'><strong>,</strong></span> <span class='ocrx_word' id='word_1_134' title='bbox 42 2500 227 2556; x_wconf 89' lang='lat' dir='ltr'><strong>mentorum</strong></span> <span class='ocrx_word' id='word_1_135' title='bbox 259 2489 403 2555; x_wconf 80' lang='lat' dir='ltr'><strong>subsidiis</strong></span> <span class='ocrx_word' id='word_1_136' title='bbox 432 2491 528 2555; x_wconf 89' lang='lat' dir='ltr'><strong>etiam</strong></span> <span class='ocrx_word' id='word_1_137' title='bbox 561 2499 725 2555; x_wconf 87' lang='lat' dir='ltr'><strong>aeternum</strong></span> <span class='ocrx_word' id='word_1_138' title='bbox 746 2491 904 2554; x_wconf 91' lang='lat' dir='ltr'><strong>servitium</strong></span> <span class='ocrx_word' id='word_1_139' title='bbox 930 2489 1062 2555; x_wconf 87' lang='lat' dir='ltr'><strong>subituri</strong></span> <span class='ocrx_word' id='word_1_140' title='bbox 1082 2499 1146 2556; x_wconf 89' lang='lat' dir='ltr'><strong>etc.</strong></span> 
     </span>
     <span class='ocr_line' id='line_1_20' title="bbox 8 2597 1147 2682; baseline -0.001 -19"><span class='ocrx_word' id='word_1_141' title='bbox 8 2607 9 2638; x_wconf 64' lang='lat' dir='ltr'><strong>l</strong></span> <span class='ocrx_word' id='word_1_142' title='bbox 41 2599 115 2664; x_wconf 86' lang='lat' dir='ltr'><strong>Istis</strong></span> <span class='ocrx_word' id='word_1_143' title='bbox 145 2600 189 2663; x_wconf 90' lang='lat' dir='ltr'><strong>sio</strong></span> <span class='ocrx_word' id='word_1_144' title='bbox 217 2598 353 2682; x_wconf 85' lang='lat' dir='ltr'><strong>peractis</strong></span> <span class='ocrx_word' id='word_1_145' title='bbox 381 2607 414 2662; x_wconf 87' lang='lat' dir='ltr'><strong>et</strong></span> <span class='ocrx_word' id='word_1_146' title='bbox 443 2597 619 2662; x_wconf 81' lang='lat' dir='ltr'><strong>saxonibus</strong></span> <span class='ocrx_word' id='word_1_147' title='bbox 648 2598 691 2660; x_wconf 90' lang='lat' dir='ltr'><strong>ad</strong></span> <span class='ocrx_word' id='word_1_148' title='bbox 722 2617 813 2660; x_wconf 87' lang='lat' dir='ltr'><strong>suuni</strong></span> <span class='ocrx_word' id='word_1_149' title='bbox 835 2597 984 2681; x_wconf 82' lang='lat' dir='ltr'><strong>angulum</strong></span> <span class='ocrx_word' id='word_1_150' title='bbox 1005 2598 1147 2672; x_wconf 83' lang='lat' dir='ltr'><strong>reversis,</strong></span> 
     </span>
     <span class='ocr_line' id='line_1_21' title="bbox 41 2701 1145 2800; baseline -0.002 -30"><span class='ocrx_word' id='word_1_151' title='bbox 41 2706 195 2771; x_wconf 82' lang='lat' dir='ltr'><strong>Britanni</strong></span> <span class='ocrx_word' id='word_1_152' title='bbox 223 2714 416 2790; x_wconf 79' lang='lat' dir='ltr'><strong>emergentes</strong></span> <span class='ocrx_word' id='word_1_153' title='bbox 445 2706 486 2769; x_wconf 89' lang='lat' dir='ltr'><strong>de</strong></span> <span class='ocrx_word' id='word_1_154' title='bbox 519 2701 675 2778; x_wconf 84' lang='lat' dir='ltr'><strong>latibulis,</strong></span> <span class='ocrx_word' id='word_1_155' title='bbox 721 2702 836 2786; x_wconf 84' lang='lat' dir='ltr'><strong>quibus</strong></span> <span class='ocrx_word' id='word_1_156' title='bbox 868 2703 968 2766; x_wconf 91' lang='lat' dir='ltr'><strong>abditi</strong></span> <span class='ocrx_word' id='word_1_157' title='bbox 998 2705 1145 2800; x_wconf 84' lang='lat' dir='ltr'><strong>inerant,</strong></span> 
     </span>
     <span class='ocr_line' id='line_1_22' title="bbox 8 2809 1149 2897; baseline -0.004 -18"><span class='ocrx_word' id='word_1_158' title='bbox 8 2869 10 2892; x_wconf 68' lang='lat'><strong>,</strong></span> <span class='ocrx_word' id='word_1_159' title='bbox 40 2815 127 2880; x_wconf 89' lang='lat' dir='ltr'><strong>duce</strong></span> <span class='ocrx_word' id='word_1_160' title='bbox 159 2812 324 2878; x_wconf 78' lang='lat' dir='ltr'><strong>Ambrosio</strong></span> <span class='ocrx_word' id='word_1_161' title='bbox 357 2812 547 2887; x_wconf 82' lang='lat' dir='ltr'><strong>Aureliano,</strong></span> <span class='ocrx_word' id='word_1_162' title='bbox 581 2812 637 2897; x_wconf 89' lang='lat' dir='ltr'><strong>qui</strong></span> <span class='ocrx_word' id='word_1_163' title='bbox 658 2809 742 2874; x_wconf 88' lang='lat' dir='ltr'><strong>solua</strong></span> <span class='ocrx_word' id='word_1_164' title='bbox 763 2810 932 2874; x_wconf 85' lang='lat' dir='ltr'><strong>Romanae</strong></span> <span class='ocrx_word' id='word_1_165' title='bbox 952 2811 1052 2894; x_wconf 85' lang='lat' dir='ltr'><strong>gentis</strong></span> <span class='ocrx_word' id='word_1_166' title='bbox 1071 2831 1149 2895; x_wconf 86' lang='lat' dir='ltr'><strong>pro·</strong></span> 
     </span>
     <span class='ocr_line' id='line_1_23' title="bbox 8 2909 1148 3038; baseline -0.004 -51"><span class='ocrx_word' id='word_1_167' title='bbox 8 2967 10 3038; x_wconf 43' lang='lat' dir='ltr'><strong><em>s</em></strong></span> <span class='ocrx_word' id='word_1_168' title='bbox 39 2924 132 2987; x_wconf 83' lang='lat' dir='ltr'><strong>latae</strong></span> <span class='ocrx_word' id='word_1_169' title='bbox 163 2909 335 3006; x_wconf 86' lang='lat' dir='ltr'><strong>tempestati</strong></span> <span class='ocrx_word' id='word_1_170' title='bbox 364 2921 575 3007; x_wconf 80' lang='lat' dir='ltr'><strong>superfuerat,</strong></span> <span class='ocrx_word' id='word_1_171' title='bbox 609 2929 788 3005; x_wconf 84' lang='lat' dir='ltr'><strong>provocant</strong></span> <span class='ocrx_word' id='word_1_172' title='bbox 819 2917 960 2985; x_wconf 85' lang='lat' dir='ltr'><strong>Saxones</strong></span> <span class='ocrx_word' id='word_1_173' title='bbox 992 2918 1034 2983; x_wconf 88' lang='lat' dir='ltr'><strong>ad</strong></span> <span class='ocrx_word' id='word_1_174' title='bbox 1054 2937 1148 3003; x_wconf 83' lang='lat' dir='ltr'><strong>proe-</strong></span> 
     </span>
     <span class='ocr_line' id='line_1_24' title="bbox 40 3025 1147 3108; baseline -0.006 -12"><span class='ocrx_word' id='word_1_175' title='bbox 40 3033 143 3108; x_wconf 88' lang='lat' dir='ltr'><strong>lium,</strong></span> <span class='ocrx_word' id='word_1_176' title='bbox 177 3040 207 3094; x_wconf 87' lang='lat' dir='ltr'><strong>et</strong></span> <span class='ocrx_word' id='word_1_177' title='bbox 236 3049 324 3095; x_wconf 90' lang='lat' dir='ltr'><strong>nnnc</strong></span> <span class='ocrx_word' id='word_1_178' title='bbox 356 3028 407 3104; x_wconf 90' lang='lat' dir='ltr'><strong>bi,</strong></span> <span class='ocrx_word' id='word_1_179' title='bbox 438 3049 528 3092; x_wconf 90' lang='lat' dir='ltr'><strong>nunc</strong></span> <span class='ocrx_word' id='word_1_180' title='bbox 557 3028 600 3091; x_wconf 87' lang='lat' dir='ltr'><strong>iili</strong></span> <span class='ocrx_word' id='word_1_181' title='bbox 631 3026 815 3094; x_wconf 78' lang='lat' dir='ltr'><strong>vincebant.</strong></span> <span class='ocrx_word' id='word_1_182' title='bbox 857 3027 944 3092; x_wconf 88' lang='lat' dir='ltr'><strong>liaeo</strong></span> <span class='ocrx_word' id='word_1_183' title='bbox 974 3027 1061 3093; x_wconf 90' lang='lat' dir='ltr'><strong>Beda</strong></span> <span class='ocrx_word' id='word_1_184' title='bbox 1092 3025 1147 3091; x_wconf 93' lang='lat' dir='ltr'><strong>ubi</strong></span> 
     </span>
    </p>
   </div>
   <div class='ocr_carea' id='block_1_3' title="bbox 8 3135 1146 3424">
    <p class='ocr_par' dir='ltr' id='par_1_3' title="bbox 8 3135 1146 3424">
     <span class='ocr_line' id='line_1_25' title="bbox 8 3135 1146 3224; baseline -0.01 -16"><span class='ocrx_word' id='word_1_185' title='bbox 8 3167 15 3208; x_wconf 84' lang='lat' dir='ltr'><strong>t</strong></span> <span class='ocrx_word' id='word_1_186' title='bbox 39 3159 151 3224; x_wconf 84' lang='lat' dir='ltr'><strong>supra.</strong></span> <span class='ocrx_word' id='word_1_187' title='bbox 174 3137 260 3202; x_wconf 86' lang='lat' dir='ltr'><strong>Licet</strong></span> <span class='ocrx_word' id='word_1_188' title='bbox 273 3137 360 3201; x_wconf 86' lang='lat' dir='ltr'><strong>Reda</strong></span> <span class='ocrx_word' id='word_1_189' title='bbox 382 3136 434 3200; x_wconf 90' lang='lat' dir='ltr'><strong>bic</strong></span> <span class='ocrx_word' id='word_1_190' title='bbox 457 3136 597 3200; x_wconf 82' lang='lat' dir='ltr'><strong>Frisones</strong></span> <span class='ocrx_word' id='word_1_191' title='bbox 617 3155 684 3199; x_wconf 93' lang='lat' dir='ltr'><strong>non</strong></span> <span class='ocrx_word' id='word_1_192' title='bbox 706 3135 932 3211; x_wconf 85' lang='lat' dir='ltr'><strong>nominaverit,</strong></span> <span class='ocrx_word' id='word_1_193' title='bbox 947 3135 1001 3199; x_wconf 85' lang='lat' dir='ltr'><strong>sed</strong></span> <span class='ocrx_word' id='word_1_194' title='bbox 1024 3145 1146 3200; x_wconf 89' lang='lat' dir='ltr'><strong>tantum</strong></span> 
     </span>
     <span class='ocr_line' id='line_1_26' title="bbox 8 3215 1144 3330; baseline -0.009 -16"><span class='ocrx_word' id='word_1_195' title='bbox 8 3215 238 3314; x_wconf 84' lang='lat' dir='ltr'><strong>lSaxonicam</strong></span> <span class='ocrx_word' id='word_1_196' title='bbox 282 3253 426 3330; x_wconf 86' lang='lat' dir='ltr'><strong>gentem,</strong></span> <span class='ocrx_word' id='word_1_197' title='bbox 470 3264 526 3328; x_wconf 89' lang='lat' dir='ltr'><strong>qm</strong></span> <span class='ocrx_word' id='word_1_198' title='bbox 567 3242 767 3306; x_wconf 78' lang='lat' dir='ltr'><strong>Britanniam</strong></span> <span class='ocrx_word' id='word_1_199' title='bbox 799 3243 991 3317; x_wconf 79' lang='lat' dir='ltr'><strong>invaserint,</strong></span> <span class='ocrx_word' id='word_1_200' title='bbox 1035 3252 1144 3306; x_wconf 88' lang='lat' dir='ltr'><strong>tamen</strong></span> 
     </span>
     <span class='ocr_line' id='line_1_27' title="bbox 38 3350 1144 3424; baseline -0.006 -3"><span class='ocrx_word' id='word_1_201' title='bbox 38 3358 125 3424; x_wconf 88' lang='lat' dir='ltr'><strong>idem</strong></span> <span class='ocrx_word' id='word_1_202' title='bbox 159 3355 223 3420; x_wconf 90' lang='lat' dir='ltr'><strong>alic</strong></span> <span class='ocrx_word' id='word_1_203' title='bbox 253 3354 326 3419; x_wconf 88' lang='lat' dir='ltr'><strong>loco</strong></span> <span class='ocrx_word' id='word_1_204' title='bbox 354 3352 448 3418; x_wconf 87' lang='lat' dir='ltr'><strong>etiam</strong></span> <span class='ocrx_word' id='word_1_205' title='bbox 480 3351 619 3416; x_wconf 85' lang='lat' dir='ltr'><strong>Friaones</strong></span> <span class='ocrx_word' id='word_1_206' title='bbox 640 3360 670 3414; x_wconf 89' lang='lat' dir='ltr'><strong>et</strong></span> <span class='ocrx_word' id='word_1_207' title='bbox 692 3351 768 3414; x_wconf 84' lang='lat' dir='ltr'><strong>alias</strong></span> <span class='ocrx_word' id='word_1_208' title='bbox 788 3350 976 3416; x_wconf 85' lang='lat' dir='ltr'><strong>Germaniae</strong></span> <span class='ocrx_word' id='word_1_209' title='bbox 996 3352 1144 3417; x_wconf 88' lang='lat' dir='ltr'><strong>nationes</strong></span> 
     </span>
    </p>
   </div>
   <div class='ocr_carea' id='block_1_4' title="bbox 34 3456 1141 4187">
    <p class='ocr_par' dir='ltr' id='par_1_4' title="bbox 34 3456 1141 4187">
     <span class='ocr_line' id='line_1_28' title="bbox 39 3456 1141 3544; baseline -0.007 -14"><span class='ocrx_word' id='word_1_210' title='bbox 39 3466 116 3532; x_wconf 90' lang='lat' dir='ltr'><strong>dicit</strong></span> <span class='ocrx_word' id='word_1_211' title='bbox 139 3463 287 3530; x_wconf 83' lang='lat' dir='ltr'><strong>invasisse</strong></span> <span class='ocrx_word' id='word_1_212' title='bbox 308 3459 521 3534; x_wconf 89' lang='lat' dir='ltr'><strong>Britanniam,</strong></span> <span class='ocrx_word' id='word_1_213' title='bbox 544 3478 629 3544; x_wconf 87' lang='lat' dir='ltr'><strong>quae</strong></span> <span class='ocrx_word' id='word_1_214' title='bbox 643 3479 737 3522; x_wconf 88' lang='lat' dir='ltr'><strong>nunc</strong></span> <span class='ocrx_word' id='word_1_215' title='bbox 757 3456 871 3541; x_wconf 84' lang='lat' dir='ltr'><strong>Anglia</strong></span> <span class='ocrx_word' id='word_1_216' title='bbox 892 3457 1017 3524; x_wconf 84' lang='lat' dir='ltr'><strong>dieitur.</strong></span> <span class='ocrx_word' id='word_1_217' title='bbox 1049 3457 1141 3522; x_wconf 86' lang='lat' dir='ltr'><strong>Unde</strong></span> 
     </span>
     <span class='ocr_line' id='line_1_29' title="bbox 38 3563 1141 3654; baseline -0.009 -16"><span class='ocrx_word' id='word_1_218' title='bbox 38 3573 179 3638; x_wconf 86' lang='lat' dir='ltr'><strong>eiusdem</strong></span> <span class='ocrx_word' id='word_1_219' title='bbox 210 3591 306 3654; x_wconf 88' lang='lat' dir='ltr'><strong>supra</strong></span> <span class='ocrx_word' id='word_1_220' title='bbox 339 3568 444 3634; x_wconf 88' lang='lat' dir='ltr'><strong>dictae</strong></span> <span class='ocrx_word' id='word_1_221' title='bbox 471 3567 617 3632; x_wconf 90' lang='lat' dir='ltr'><strong>historiae</strong></span> <span class='ocrx_word' id='word_1_222' title='bbox 636 3564 690 3631; x_wconf 85' lang='lat' dir='ltr'><strong>lib.</strong></span> <span class='ocrx_word' id='word_1_223' title='bbox 711 3566 743 3630; x_wconf 89' lang='lat' dir='ltr'><strong>iv</strong></span> <span class='ocrx_word' id='word_1_224' title='bbox 764 3584 837 3649; x_wconf 88' lang='lat' dir='ltr'><strong>cap.</strong></span> <span class='ocrx_word' id='word_1_225' title='bbox 859 3587 880 3628; x_wconf 89' lang='lat' dir='ltr'><strong>x</strong></span> <span class='ocrx_word' id='word_1_226' title='bbox 899 3564 996 3628; x_wconf 78' lang='lat' dir='ltr'><strong>dicite</strong></span> <span class='ocrx_word' id='word_1_227' title='bbox 1039 3563 1141 3648; x_wconf 86' lang='lat' dir='ltr'><strong>Egbe·</strong></span> 
     </span>
     <span class='ocr_line' id='line_1_30' title="bbox 37 3670 1140 3756; baseline -0.009 -12"><span class='ocrx_word' id='word_1_228' title='bbox 37 3681 130 3746; x_wconf 89' lang='lat' dir='ltr'><strong>recbt</strong></span> <span class='ocrx_word' id='word_1_229' title='bbox 159 3678 294 3743; x_wconf 80' lang='lat' dir='ltr'><strong>famulus</strong></span> <span class='ocrx_word' id='word_1_230' title='bbox 323 3675 434 3741; x_wconf 85' lang='lat' dir='ltr'><strong>Christi</strong></span> <span class='ocrx_word' id='word_1_231' title='bbox 475 3683 506 3738; x_wconf 89' lang='lat' dir='ltr'><strong>et</strong></span> <span class='ocrx_word' id='word_1_232' title='bbox 550 3670 713 3748; x_wconf 82' lang='lat' dir='ltr'><strong>sacerdos,</strong></span> <span class='ocrx_word' id='word_1_233' title='bbox 760 3671 841 3734; x_wconf 93' lang='lat' dir='ltr'><strong>inito</strong></span> <span class='ocrx_word' id='word_1_234' title='bbox 879 3691 974 3756; x_wconf 85' lang='lat' dir='ltr'><strong>opere</strong></span> <span class='ocrx_word' id='word_1_235' title='bbox 1003 3672 1140 3756; x_wconf 82' lang='lat' dir='ltr'><strong>Aposto-</strong></span> 
     </span>
     <span class='ocr_line' id='line_1_31' title="bbox 36 3779 1137 3868; baseline -0.008 -16"><span class='ocrx_word' id='word_1_236' title='bbox 36 3790 126 3864; x_wconf 89' lang='lat' dir='ltr'><strong>lioo,</strong></span> <span class='ocrx_word' id='word_1_237' title='bbox 166 3786 294 3851; x_wconf 88' lang='lat' dir='ltr'><strong>verbum</strong></span> <span class='ocrx_word' id='word_1_238' title='bbox 334 3784 389 3848; x_wconf 85' lang='lat' dir='ltr'><strong>Ilei</strong></span> <span class='ocrx_word' id='word_1_239' title='bbox 431 3781 594 3868; x_wconf 83' lang='lat' dir='ltr'><strong>gentibus,</strong></span> <span class='ocrx_word' id='word_1_240' title='bbox 635 3801 719 3867; x_wconf 90' lang='lat' dir='ltr'><strong>quae</strong></span> <span class='ocrx_word' id='word_1_241' title='bbox 757 3781 906 3846; x_wconf 85' lang='lat' dir='ltr'><strong>nonduin</strong></span> <span class='ocrx_word' id='word_1_242' title='bbox 948 3779 1137 3856; x_wconf 85' lang='lat' dir='ltr'><strong>audierant,</strong></span> 
     </span>
     <span class='ocr_line' id='line_1_32' title="bbox 35 3888 1138 3983; baseline -0.011 -20"><span class='ocrx_word' id='word_1_243' title='bbox 35 3895 255 3983; x_wconf 81' lang='lat' dir='ltr'><strong>evangelizare</strong></span> <span class='ocrx_word' id='word_1_244' title='bbox 292 3891 468 3979; x_wconf 88' lang='lat' dir='ltr'><strong>proposuit.</strong></span> <span class='ocrx_word' id='word_1_245' title='bbox 521 3890 663 3970; x_wconf 88' lang='lat' dir='ltr'><strong>Quarum</strong></span> <span class='ocrx_word' id='word_1_246' title='bbox 705 3890 741 3951; x_wconf 93' lang='lat' dir='ltr'><strong>in</strong></span> <span class='ocrx_word' id='word_1_247' title='bbox 785 3888 949 3954; x_wconf 85' lang='lat' dir='ltr'><strong>Germania</strong></span> <span class='ocrx_word' id='word_1_248' title='bbox 990 3889 1138 3972; x_wconf 85' lang='lat' dir='ltr'><strong>plurimas</strong></span> 
     </span>
     <span class='ocr_line' id='line_1_33' title="bbox 34 3993 1136 4084; baseline -0.015 -13"><span class='ocrx_word' id='word_1_249' title='bbox 34 4025 96 4071; x_wconf 85' lang='lat' dir='ltr'><strong>esse</strong></span> <span class='ocrx_word' id='word_1_250' title='bbox 127 4014 262 4070; x_wconf 87' lang='lat' dir='ltr'><strong>noverat</strong></span> <span class='ocrx_word' id='word_1_251' title='bbox 291 4001 454 4074; x_wconf 88' lang='lat' dir='ltr'><strong>nationes,</strong></span> <span class='ocrx_word' id='word_1_252' title='bbox 494 4019 512 4061; x_wconf 94' lang='lat' dir='ltr'><strong>a</strong></span> <span class='ocrx_word' id='word_1_253' title='bbox 543 3997 657 4084; x_wconf 87' lang='lat' dir='ltr'><strong>quibus</strong></span> <span class='ocrx_word' id='word_1_254' title='bbox 685 3997 779 4082; x_wconf 83' lang='lat' dir='ltr'><strong>Angli</strong></span> <span class='ocrx_word' id='word_1_255' title='bbox 810 3997 857 4063; x_wconf 85' lang='lat' dir='ltr'><strong>vel</strong></span> <span class='ocrx_word' id='word_1_256' title='bbox 887 3997 1045 4068; x_wconf 85' lang='lat' dir='ltr'><strong>Saxones,</strong></span> <span class='ocrx_word' id='word_1_257' title='bbox 1081 3993 1136 4079; x_wconf 89' lang='lat' dir='ltr'><strong>qui</strong></span> 
     </span>
     <span class='ocr_line' id='line_1_34' title="bbox 34 4097 1137 4187; baseline -0.013 -10"><span class='ocrx_word' id='word_1_258' title='bbox 34 4132 129 4179; x_wconf 88' lang='lat' dir='ltr'><strong>nunc</strong></span> <span class='ocrx_word' id='word_1_259' title='bbox 151 4110 372 4176; x_wconf 63' lang='lat' dir='ltr'><strong>&#39;britanniam</strong></span> <span class='ocrx_word' id='word_1_260' title='bbox 411 4105 579 4178; x_wconf 83' lang='lat' dir='ltr'><strong>incolunt,</strong></span> <span class='ocrx_word' id='word_1_261' title='bbox 620 4123 721 4186; x_wconf 87' lang='lat' dir='ltr'><strong>genus</strong></span> <span class='ocrx_word' id='word_1_262' title='bbox 762 4112 792 4166; x_wconf 93' lang='lat' dir='ltr'><strong>et</strong></span> <span class='ocrx_word' id='word_1_263' title='bbox 832 4102 984 4187; x_wconf 87' lang='lat' dir='ltr'><strong>originem</strong></span> <span class='ocrx_word' id='word_1_264' title='bbox 1015 4097 1137 4164; x_wconf 71' lang='lat' dir='ltr'><strong>duriam</strong></span> 
     </span>
    </p>
   </div>
   <div class='ocr_carea' id='block_1_5' title="bbox 33 4207 1136 4382">
    <p class='ocr_par' dir='ltr' id='par_1_5' title="bbox 33 4207 1136 4382">
     <span class='ocr_line' id='line_1_35' title="bbox 33 4207 1136 4294; baseline -0.012 -9"><span class='ocrx_word' id='word_1_265' title='bbox 33 4231 222 4287; x_wconf 87' lang='lat' dir='ltr'><strong>noscuntur.</strong></span> <span class='ocrx_word' id='word_1_266' title='bbox 266 4219 348 4281; x_wconf 88' lang='lat' dir='ltr'><strong>Sunt</strong></span> <span class='ocrx_word' id='word_1_267' title='bbox 371 4226 474 4280; x_wconf 90' lang='lat' dir='ltr'><strong>autem</strong></span> <span class='ocrx_word' id='word_1_268' title='bbox 496 4213 656 4286; x_wconf 85' lang='lat' dir='ltr'><strong>Frisonea,</strong></span> <span class='ocrx_word' id='word_1_269' title='bbox 681 4209 795 4294; x_wconf 83' lang='lat' dir='ltr'><strong>Rugii,</strong></span> <span class='ocrx_word' id='word_1_270' title='bbox 819 4209 916 4285; x_wconf 87' lang='lat' dir='ltr'><strong>Dani,</strong></span> <span class='ocrx_word' id='word_1_271' title='bbox 940 4207 1044 4283; x_wconf 86' lang='lat' dir='ltr'><strong>Huni,</strong></span> <span class='ocrx_word' id='word_1_272' title='bbox 1069 4211 1136 4273; x_wconf 83' lang='lat' dir='ltr'><strong>An-</strong></span> 
     </span>
     <span class='ocr_line' id='line_1_36' title="bbox 991 4318 1013 4382; baseline 0 0"><span class='ocrx_word' id='word_1_273' title='bbox 991 4318 1013 4382; x_wconf 78' lang='lat'><strong>3</strong></span> 
     </span>
    </p>
   </div>
   <div class='ocr_carea' id='block_1_6' title="bbox 0 0 1480 5144">
    <p class='ocr_par' dir='ltr' id='par_1_6' title="bbox 0 0 1480 5144">
     <span class='ocr_line' id='line_1_37' title="bbox 0 0 1480 5144; baseline 0 2"><span class='ocrx_word' id='word_1_274' title='bbox 0 0 1480 5144; x_wconf 95' lang='lat' dir='ltr'><strong> </strong></span> 
     </span>
    </p>
   </div>
  </div>
 </body>
</html>
