2950 5144
525 437 772 504 CHRONICON.
1157 439 1195 504 81

9 619 10 650 ³
107 652 259 710 Beatus
285 650 490 723 naugerus
514 651 747 710 aedificavit
764 651 971 709 ecclesiam
989 653 1177 722 collegia·

230 745 311 801 tan
327 746 370 802 tn
386 747 620 814 flaventi-la,
641 746 829 802 etractus
847 746 908 803 eat
925 745 1074 815 septen

369 839 480 895 ems
502 840 638 909 puter
660 841 702 896 ln
726 839 917 896 Docknn.

544 1040 633 1108 CAP.
654 1040 750 1104 llllll.

9 1279 10 1342 3
127 1252 261 1316 Interim
294 1273 332 1316 ex
362 1253 476 1337 Anglia
507 1256 592 1322 venit
623 1255 755 1340 quidem
784 1254 948 1327 sacerdos,
984 1275 1020 1317 er
1053 1256 1189 1341 antiquus

9 1355 10 1432 Ϊ
80 1358 265 1423 Frisonibus
295 1360 328 1422 in
361 1361 475 1446 Anglia
506 1362 659 1426 oriundus
692 1363 824 1426 nomine
855 1361 1047 1436 Lialwinus‚
1081 1365 1189 1446 quiet

9 1547 10 1554 ἵ
77 1465 266 1543 Lebuinus,
300 1467 343 1532 ad
375 1469 558 1554 episcopum
587 1470 833 1542 Treiectensem,
870 1467 977 1532 dicens
1012 1470 1188 1534 allomino

9 1565 10 1596 ³
75 1572 139 1637 sibi
174 1583 394 1658 praecepium,
430 1586 464 1640 ut
494 1578 529 1640 in
562 1578 708 1643 confinio
738 1579 931 1642 Francorum
962 1585 1064 1660 etque
1085 1577 1188 1641 Saxo·

9 1739 11 1780 ᾗ
76 1702 161 1744 num
193 1703 282 1746 secus
309 1682 431 1748 flumen
461 1683 573 1750 lselam
593 1683 677 1769 plebi
698 1686 730 1749 in
752 1684 900 1750 doctrina
922 1683 1069 1768 prodesse
1090 1683 1186 1749 dehe-

76 1799 135 1854 ret.
190 1791 283 1854 'l'unc
313 1791 478 1876 Gregorius
509 1794 677 1878 episcopus
707 1793 818 1858 direxit
852 1813 925 1857 eum
958 1792 1182 1867 barsoldan,

9 1951 10 1986 ἶ
75 1908 112 1962 ut
133 1898 200 1962 illic
221 1898 339 1976 fidem,
371 1922 469 1986 quam
499 1901 622 1966 dudum
649 1922 669 1964 e
691 1900 786 1966 besto
807 1900 980 1966 Marcelino
1002 1898 1183 1986 presbytero

9 1989 12 2070 l
76 2017 295 2091 acceperant,
339 2007 560 2074 corroboraret
591 2019 623 2073 et
655 2009 833 2094 ampliaret.
887 2007 1074 2072 Seminabat
1107 2029 1183 2095 ergo

9 2077 13 2216 l
74 2114 122 2178 ibi
142 2114 254 2180 beatus
274 2117 434 2180 Lebuinus
457 2117 653 2182 documenta
673 2116 796 2189 salutis,
826 2114 1033 2198 feceruntque
1053 2116 1081 2178 ei
1102 2117 1181 2181 fide-

9 2219 11 2272 l
74 2221 120 2286 les
150 2223 327 2288 oratorium
358 2225 393 2288 in
427 2225 620 2290 occidentali
650 2232 741 2310 parte
771 2222 929 2297 fluminis,
965 2223 998 2284 in
1029 2222 1104 2286 loco
1125 2224 1182 2307 qui

74 2342 211 2398 vocatur
231 2333 331 2416 Wilp.
375 2333 450 2396 Post
480 2331 558 2400 hoec
578 2333 673 2399 etiam
693 2332 856 2398 ecclesiam
878 2330 1124 2396 aedificaverunt
1145 2331 1180 2396 in

9 2495 10 2514 ἶ
74 2438 222 2503 orientali
265 2439 368 2504 littore
398 2438 538 2504 fluminis
569 2440 603 2506 iu
636 2441 710 2505 loco
739 2441 798 2524 qui
829 2448 963 2504 vocatur
996 2439 1176 2505 Deventria.

74 2547 181 2628 Quam
213 2547 377 2612 ecclesiam
406 2567 477 2611 non
511 2547 610 2612 multo
641 2557 712 2632 post
744 2547 887 2611 Saxones
919 2557 949 2608 et
982 2546 1176 2632 Westphali‚

72 2656 189 2742 iugatis
219 2655 384 2731 fidelibus,
407 2653 649 2720 combusserunt
668 2658 751 2739 igne.
795 2653 915 2716 Deinde
937 2651 1115 2727 lebuinus,
1135 2654 1177 2717 ed

71 2766 203 2851 propria
225 2766 352 2832 reversis
372 2762 600 2850 praedonibus,
625 2759 1010 2828 reaedificaviteoolesiam
1028 2758 1177 2823 combus-

72 2885 160 2950 tam,
183 2885 214 2938 et
234 2874 277 2939 ibi
298 2875 416 2942 docens
437 2873 606 2964 defunctus
626 2881 657 2948 et
678 2870 813 2955 sepultus
831 2868 977 2933 estinea.
1001 2866 1076 2930 Post
1088 2886 1175 2929 mor-

9 3067 11 3076 γ
72 2993 139 3048 tem
166 2984 268 3048 sancti
289 2982 422 3048 Lebuini
442 2982 528 3066 impii
550 2981 692 3046 Saxones
712 2981 823 3042 iterum
844 2985 1046 3040 vastaverunt
1067 2976 1174 3040 locum

9 3077 11 3180 l
70 3093 161 3156 illum
177 3101 208 3156 et
225 3092 459 3180 succenderunt
477 3089 653 3162 ecclesiam.
672 3087 891 3173 populumque
907 3082 1173 3159 adiofidelitateur

9 3181 11 3242 l
71 3205 256 3286 coegerunt.
290 3199 421 3262 laterim
431 3198 526 3262 etiem
537 3206 667 3261 sanctus
678 3192 843 3278 Gregorius
854 3190 959 3254 tertius
970 3188 1172 3254 Traiectcnsis

69 3309 237 3394 episcopus
268 3306 410 3393 migravit
433 3305 475 3368 ad
498 3305 691 3377 Dominum,
725 3311 755 3366 et
776 3299 909 3382 suscepit
931 3319 1040 3363 curam
1061 3308 1169 3382 pasto-

9 3481 11 3510 p
69 3418 164 3482 ralem
175 3415 357 3492 Aelbricus,
378 3416 544 3498 factusque
563 3421 608 3476 est
629 3419 760 3496 quartus
780 3406 1165 3493 episcopusTraiectensis‚

9 3515 10 3532 ³
68 3545 152 3590 anno
175 3524 303 3588 Domini
333 3522 483 3589 siiclrviii.
528 3522 589 3584 Iste
610 3519 702 3602 igilur
723 3515 804 3577 misit
825 3521 967 3576 sanctum
990 3511 1166 3594 Ludgerum

9 3661 11 3690 ι
68 3641 154 3696 trans
183 3633 297 3698 iselam
326 3631 529 3696 reaedificare
561 3624 724 3691 ecclesiam
745 3619 927 3685 Darentriae
947 3639 965 3681 a
986 3615 1166 3682 Saxonibus

9 3717 10 3774 }
67 3739 202 3804 dirutam
225 3750 255 3806 et
277 3749 458 3805 convertere
478 3725 629 3822 populum
653 3731 695 3796 ad
715 3730 811 3794 fidem
832 3727 1035 3794 catholicam·
1069 3727 1165 3809 Quod

64 3849 196 3916 fideliter
217 3848 311 3924 lecit,
344 3857 376 3912 et
396 3846 549 3918 ecclesia,
583 3863 681 3928 quam
701 3841 766 3924 ipse
787 3821 979 3912 aedificavit,
1014 3857 1164 3920 perman·

64 3959 117 4036 sit,
153 3968 185 4024 et
217 3958 305 4022 lacta
337 3965 381 4020 est
411 3951 582 4020 Canonisia
604 3948 818 4034 Regularium.
862 3943 1039 4008 Istiusmodi
1060 3941 1163 4005 sancti

9 4061 11 4148 l
63 4066 197 4154 Ludgeri
224 4064 354 4131 diaconi
383 4061 537 4126 industria
569 4068 599 4122 et
631 4076 773 4120 successu
802 4053 838 4115 iu
872 4053 943 4115 loco
975 4049 1162 4115 Darentriae

64 4173 220 4240 animatus
263 4172 442 4246 Aelbricus,
486 4168 607 4234 maiora
647 4183 704 4248 per
747 4161 834 4224 illum
865 4143 971 4224 facere'
1000 4156 1159 4244 disposuit.

9 4243 11 4324 l
1014 4266 1036 4330 o
