2916 5150
286 487 328 550 94
711 483 931 550 WORPERI

287 661 332 716 est
361 672 518 729 sororem,
553 652 601 718 sel
631 654 731 742 ipsum
761 653 797 716 in
829 654 1066 718 matrimonium
1088 651 1176 722 ducit
1197 651 1395 738 genitricem.

288 761 491 847 Quapropter
521 771 552 824 te
582 777 640 844 per
670 761 770 826 Deum
801 760 906 828 virum
933 771 964 826 et
996 781 1103 828 rerum
1137 759 1269 836 adiuro,
1305 771 1342 826 ut
1374 762 1397 826 si

287 871 358 956 ipris
390 868 504 933 nobilis
534 877 589 932 eut
619 866 782 953 ignobilis,
818 865 965 932 dominus
994 877 1049 932 out
1069 885 1195 942 servm,
1229 866 1317 931 dives
1340 879 1398 932 aut

285 979 377 1063 inops
420 997 441 1040 a
469 975 617 1060 religione
647 975 796 1042 erraverit
826 973 1021 1053 Christiana,
1065 985 1097 1040 et
1131 973 1268 1049 talibus,
1308 995 1398 1059 quse

286 1106 383 1170 supra
412 1083 564 1158 diximus,
599 1103 631 1146 se
661 1082 806 1166 polluerit
837 1082 1039 1160 criminibus,
1071 1083 1330 1167 quamprimum
1352 1083 1397 1148 ad

287 1203 380 1256 tuum
401 1189 521 1258 venerit
541 1189 703 1264 auditum,
726 1188 813 1253 illum
834 1199 868 1253 ut
889 1190 1049 1276 corrigas,
1071 1189 1148 1254 etsi
1169 1200 1332 1275 correptus
1353 1191 1396 1256 de

287 1321 388 1388 prava
417 1319 473 1362 sua
502 1317 570 1361 non
600 1296 691 1360 suerit
711 1315 849 1361 reversus
870 1297 941 1371 rio,
963 1306 995 1362 et
1017 1306 1047 1362 te
1068 1298 1115 1362 vel
1135 1298 1299 1363 eeclesiam
1320 1319 1395 1362 uon

289 1407 440 1483 audierit,
482 1425 520 1469 ex
563 1403 789 1470 communione
821 1405 965 1468 omnium
996 1405 1032 1470 iu
1065 1406 1164 1471 Deum
1196 1405 1396 1472 credentium

289 1517 477 1584 auctoritate
506 1511 561 1576 tibi
593 1511 732 1588 tradita,
766 1523 891 1597 separes
911 1533 952 1576 ao
973 1514 1188 1593 condemnes,
1223 1524 1259 1578 ut
1279 1515 1319 1580 sit
1339 1515 1396 1580 tibi

289 1628 369 1691 sieut
390 1621 539 1688 ethnicus¹
554 1629 586 1685 et
606 1618 814 1704 publicanus,
845 1622 950 1686 donec
971 1623 1014 1689 ed
1036 1624 1135 1688 Deum
1155 1633 1315 1698 nostrum,
1337 1626 1395 1710 qui

289 1752 411 1816 semper
451 1739 582 1814 perotus
609 1738 654 1792 est
687 1729 729 1792 ad
759 1729 994 1806 miserandum,
1026 1753 1060 1796 se
1090 1755 1162 1798 vere
1193 1735 1394 1818 poenitentia

289 1841 404 1904 ductus
436 1857 606 1904 conversus
644 1838 747 1902 fuerit.
791 1836 864 1917 Quo
895 1838 985 1902 dicto
1017 1841 1140 1923 praesul
1169 1841 1319 1924 gloriosus
1339 1843 1395 1906 in-

289 1948 425 2034 gemuit,
459 1947 588 2032 regique
608 1944 788 2030 respondite
831 1946 949 2030 Magno
969 1947 1098 2031 quidem
1119 1949 1298 2014 iuramento
1320 1971 1393 2025 me,

289 2057 436 2130 Domine,
470 2054 588 2139 ligasti,
612 2053 665 2118 sed
696 2053 722 2116 si
742 2054 826 2119 salva
857 2064 911 2118 tue
937 2055 1037 2137 gratia
1059 2057 1138 2120 baec
1159 2057 1284 2135 fecero,
1319 2060 1394 2124 mibi

290 2165 399 2232 dicito.
442 2162 501 2229 Cui
521 2184 594 2228 rex:
639 2163 712 2226 Nou
734 2163 835 2227 solum
855 2164 941 2228 salsa
964 2185 1034 2228 men
1054 2167 1153 2250 gratia
1176 2165 1256 2230 baec
1277 2167 1391 2244 facies,

290 2274 346 2340 sed
367 2273 463 2338 etiam
485 2273 509 2336 si
531 2271 662 2339 volueris
684 2271 861 2336 adiutorem
881 2273 987 2337 mein
1009 2273 1157 2337 omnibus
1179 2274 1318 2342 habebis.

411 2743 469 2801 De
488 2741 707 2813 aenigmate
725 2741 847 2813 piscis
864 2755 912 2802 ao
929 2745 1173 2804 rmuamenu
1188 2747 1274 2816 regi

734 2839 949 2906 proposito.

728 3037 817 3106 cnP.
838 3039 949 3105 xxxt.

332 3257 424 3321 Tune
452 3254 575 3339 praesul
605 3255 767 3320 inclinans
796 3256 860 3341 regi
891 3256 953 3321 eit:
996 3257 1055 3322 Dic
1075 3256 1149 3320 mihi
1171 3276 1308 3342 quaeso,
1332 3259 1394 3324 do·

288 3364 374 3428 mine
393 3363 436 3426 mi
455 3363 647 3448 imperator,
671 3383 713 3427 an
733 3363 847 3428 rectius
866 3363 905 3427 sit
926 3363 968 3427 ud
989 3365 1137 3438 caudam,
1161 3367 1208 3430 vel
1229 3365 1273 3430 ed
1295 3376 1394 3450 ceput

289 3469 519 3538 manducando
540 3469 676 3556 incipere
696 3470 834 3554 piscem,
869 3480 923 3535 aut
943 3472 1080 3555 primurn
1100 3473 1132 3536 in
1154 3475 1253 3538 eitum
1275 3475 1395 3539 ducere

287 3601 415 3646 murum
435 3589 466 3643 et
486 3588 594 3663 postea
616 3578 775 3644 cottoeere
795 3578 1059 3646 fundamentum?
1101 3581 1171 3646 Rex
1192 3591 1228 3646 ut
1250 3581 1392 3657 audivit,

290 3687 370 3772 quid
390 3686 447 3750 sibi
468 3687 537 3749 talis
557 3685 647 3749 vellet
667 3686 893 3770 interrogatio,
916 3708 1021 3753 secum
1034 3689 1193 3755 admirans
1203 3691 1395 3776 respondit:

289 3795 403 3870 Piscis,
438 3801 473 3856 ut
493 3793 631 3876 opinor,
656 3792 698 3856 ad
719 3805 817 3878 caput
838 3795 1069 3861 manducando
1090 3799 1259 3883 incipitur,
1294 3810 1327 3865 et
1349 3802 1396 3866 sie

289 3905 334 3972 ud
355 3900 491 3968 caudam
512 3921 613 3986 usque
634 3902 840 3968 consumitur.
873 3902 1127 3969 Fundamentum
1147 3908 1302 3992 inprimis
1323 3910 1395 3974 eol·

289 4015 431 4087 locatur,
454 4019 485 4074 et
504 4007 617 4074 deinde
647 4029 754 4072 murus
774 4011 808 4073 in
831 4012 928 4075 eitum
949 4014 1095 4098 erigitur,
1131 4015 1206 4098 quia
1228 4017 1298 4080 sine
1318 4019 1395 4081 fuu-

288 4121 442 4185 demento
463 4119 594 4183 minime
615 4139 695 4202 opus
715 4119 878 4184 stabilitur.
913 4122 1018 4200 Bene,
1042 4123 1143 4208 inquit
1164 4135 1295 4189 sanctus
1316 4127 1397 4191 Fre·

287 4227 429 4306 doricus,
452 4227 613 4310 iudicasti3
641 4228 762 4295 idcireo
784 4241 830 4308 te,
855 4249 950 4314 quem
972 4242 1121 4316 caputet
1143 4233 1394 4304 fundamentum
