2916 5150
274 462 334 528 152
701 459 922 528 Woltrttttr

312 629 540 714 superscriptio
562 629 686 694 alterius
705 629 803 712 pertis
822 630 867 694 sic
889 637 975 692 erat:

312 735 417 800 Roma
439 746 537 822 ceput
558 734 669 800 mundi
691 737 768 821 regit
789 737 873 802 orbis
894 757 991 821 regna
1013 733 1156 800 rotundi.

788 1031 867 1062 002

324 1293 381 1350 lte
401 1293 567 1363 quodam
584 1291 738 1349 neforto
756 1302 875 1359 opere
892 1291 935 1346 tn
951 1289 1079 1346 Prista
1095 1289 1329 1357 perpetrato

516 1397 563 1441 oc
581 1385 699 1454 plaga
715 1398 853 1454 mouns
869 1383 964 1440 tnde
981 1382 1132 1441 secun.

713 1612 800 1677 etr.
822 1611 933 1678 xxvi.

314 1828 412 1891 Anno
433 1825 556 1888 Domini
577 1826 730 1901 mccxvii,
763 1825 840 1888 dum
872 1845 950 1888 crux
970 1843 1027 1907 per
1049 1823 1174 1886 Frisium
1196 1841 1252 1908 per
1270 1829 1377 1886 totam

272 1934 473 2000 Germaniam
495 1942 607 1998 contre
627 1932 771 1997 infideles
789 1931 1043 2016 praedicabatur,
1065 1931 1123 1994 luit
1142 1933 1177 1993 in
1189 1929 1283 1994 Frisia
1302 1931 1379 2016 qui·

272 2045 347 2108 dem
369 2042 453 2106 Friso
476 2052 543 2106 arte
563 2041 670 2127 pugil,
704 2041 760 2126 qui
781 2040 904 2125 quoties
926 2040 966 2102 de
987 2038 1120 2102 taberne
1142 2038 1243 2102 ebrius
1264 2037 1378 2114 rediit,

272 2154 365 2216 toties
384 2171 514 2214 uxorem
535 2149 713 2215 verberibus
734 2161 765 2212 et
786 2149 884 2232 plagis
906 2147 1074 2212 tribulavit.
1117 2147 1270 2232 Tempore
1292 2168 1380 2232 quo·

273 2261 349 2323 dum
381 2260 492 2324 timore
522 2258 624 2320 mariti
654 2257 870 2319 infirmitatem
892 2257 1040 2318 simulans
1062 2255 1172 2320 mulier
1191 2255 1377 2340 praedicta,

273 2389 316 2432 ne
346 2366 504 2431 simulatio
534 2364 646 2427 eadem
668 2373 770 2447 posset
792 2365 919 2434 notari,
943 2384 1059 2447 corpus
1081 2365 1206 2428 Domini
1228 2365 1286 2429 sibi
1308 2365 1377 2453 deri
1451 2431 1452 2456 χ

271 2474 453 2557 postulavit.
498 2473 646 2539 Venienti
677 2481 781 2535 autem
803 2470 960 2534 sacerdoti
983 2493 1058 2537 cum
1080 2472 1249 2538 venerabili
1270 2493 1381 2536 sacra·
1449 2463 1452 2552 l

273 2591 402 2657 mento,
436 2582 523 2667 pugil
555 2602 628 2646 cum
651 2580 756 2666 cypho
787 2580 934 2645 cervisiae
955 2579 1057 2644 ebrius
1078 2602 1249 2647 occurrens
1269 2580 1382 2644 bibere

273 2687 410 2753 monuit.
442 2689 571 2754 Etcum
592 2687 740 2754 sacerdos
759 2687 980 2772 respondetote
1004 2687 1123 2774 Corpus
1136 2690 1259 2753 Domini
1270 2699 1379 2773 porto,

274 2798 373 2888 modo
395 2818 462 2862 nou
482 2796 608 2874 bibnm3
630 2797 728 2859 iratus
738 2795 823 2860 Friso
845 2817 918 2859 cum
941 2796 1044 2882 cypho
1065 2798 1212 2882 pyxidem
1226 2799 1379 2883 percussit

182 2913 188 2930 ¹
274 2919 305 2974 et
327 2927 437 2974 omnes
456 2903 572 2968 hostias
593 2905 633 2966 de
653 2905 706 2968 illa
726 2905 867 2980 excussit,
882 2906 925 2969 ita
946 2916 981 2969 ut
1001 2927 1058 2991 per
1077 2908 1294 2992 pavimentum
1317 2907 1381 2971 dis·

274 3022 490 3100 pergerentur.
534 3012 699 3076 Matronae
732 3033 827 3088 vero,
862 3034 944 3097 quee
966 3015 1196 3078 consolationis
1216 3034 1314 3078 causa
1339 3014 1380 3078 ad

274 3120 433 3184 infirmam
455 3129 627 3195 venerant,
661 3139 754 3202 super
786 3120 922 3205 singulas
953 3119 1070 3186 hostias
1091 3134 1254 3206 tamquam
1276 3122 1381 3184 stellas

276 3227 437 3290 radiantes
466 3227 624 3293 viderunt.
678 3227 764 3308 Ques
795 3228 942 3292 sacerdos
973 3251 1100 3314 gemens
1130 3251 1170 3293 ac
1202 3228 1314 3293 dolens
1348 3231 1379 3292 in

275 3334 422 3421 pyxidem
455 3333 613 3418 recollegit
644 3344 676 3398 et
708 3333 795 3399 abiit.
838 3335 923 3400 Friso
957 3358 1032 3401 vero
1055 3359 1074 3402 e
1097 3338 1224 3401 decano
1246 3338 1378 3420 provin·

276 3445 345 3510 ciee
366 3443 480 3508 citatus
510 3449 554 3506 est
575 3451 607 3505 et
628 3443 941 3520 excommunicatur,
976 3446 1118 3509 sednon
1141 3445 1273 3509 curavit.
1318 3445 1378 3527 Qui

277 3551 407 3617 taudem
429 3549 471 3613 ad
492 3547 554 3614 boc
576 3551 754 3632 compulsus
775 3561 838 3626 est,
874 3561 909 3614 ut
942 3555 1198 3638 crucesignatus
1220 3574 1292 3616 cum
1314 3554 1378 3616 iam

275 3661 364 3723 dicto
394 3657 558 3722 secerdote
590 3657 685 3720 etiem
717 3679 811 3722 cruce
843 3659 965 3745 signato
987 3661 1105 3726 veniret
1127 3660 1277 3725 Romam.
1323 3661 1379 3726 Cui

276 3767 426 3833 domiuus
457 3765 616 3827 Honorius
647 3785 731 3848 papa
754 3767 861 3828 tertius
881 3768 1010 3852 culpam
1031 3770 1197 3834 confitenti
1217 3791 1279 3854 pro
1299 3788 1379 3854 poe·
1451 3759 1452 3768 ¹

276 3873 410 3941 nitentia
433 3871 590 3946 iniunxit,
614 3882 648 3935 ut
670 3893 756 3936 mare
777 3874 944 3952 transiret,
979 3877 1086 3962 ibique
1108 3877 1206 3941 tribus
1227 3879 1325 3941 annis
1345 3878 1378 3940 iu

276 3986 369 4048 armis
398 3982 520 4050 Christo
549 3981 684 4048 serviret.
728 3982 812 4064 Quid
842 3983 962 4067 plura?
1003 3985 1088 4050 Mare
1119 3985 1215 4051 ambo
1247 3984 1377 4048 transie-

276 4102 368 4165 runt,
393 4102 424 4156 et
446 4102 521 4157 ante
541 4092 716 4156 damiatam
736 4092 893 4158 civitatem
915 4095 1032 4159 mortui
1053 4105 1126 4159 sunt
1149 4094 1255 4159 ambo.
1300 4092 1378 4175 Qui-

277 4199 335 4263 bus
355 4197 517 4276 delunctis,
540 4221 624 4266 auno
646 4201 768 4266 Domini
790 4201 933 4268 mccxviii
956 4223 1042 4268 mare
1063 4204 1095 4270 in
1110 4201 1377 4287 partibusFrisiae
