2916 5150
279 503 340 568 158
698 499 920 566 WORPERI

275 669 374 733 modo
396 689 452 754 per
473 687 520 743 se.
548 668 646 732 modo
667 689 724 752 per
745 669 876 732 nuntios
898 665 1154 752 interpellabant,
1168 670 1202 723 ut
1222 655 1281 720 sibi
1299 665 1383 720 tem-

274 797 352 862 pore
373 777 463 840 buius
485 777 675 841 necessitatis
695 776 917 852 subvenirent,
940 775 1038 838 modo
1059 772 1118 835 iliis
1137 787 1270 858 munera
1292 764 1383 829 dan·

276 897 321 952 tes
350 895 382 949 et
412 886 503 970 plura
524 886 752 970 promittentes.
799 885 864 948 Nec
885 903 985 948 mora.
1028 879 1120 964 Capti
1139 885 1214 941 sunt
1236 897 1255 938 a
1275 895 1384 938 mam·

274 1014 371 1058 mona
412 993 589 1078 iniquitatis
629 992 779 1056 nonnrdli
825 1011 921 1058 cruce
959 992 1173 1075 signatorum,
1216 988 1383 1069 magisque

273 1102 382 1166 fideles
411 1101 581 1164 extiterunt
613 1100 689 1176 iltis,
724 1121 744 1163 a
765 1099 879 1184 quibus
900 1119 1030 1164 munera
1051 1093 1264 1161 damnationis
1285 1111 1383 1156 aoce-

274 1219 409 1296 perunt‚
444 1228 545 1294 quam
575 1209 657 1284 suis,
691 1210 748 1293 qui
777 1208 859 1273 colia
891 1227 946 1271 sua
976 1207 1049 1292 ipsis
1082 1205 1124 1269 ad
1144 1203 1381 1287 protectionem

275 1317 496 1383 subdiderunt.
548 1317 660 1380 Treuta
701 1316 794 1403 igitur
836 1314 1063 1381 circumcincta
1097 1311 1139 1375 ab
1171 1309 1258 1374 omni
1287 1319 1382 1394 perte

277 1424 475 1493 exercitnbus
506 1425 691 1490 innumeris.
735 1425 760 1488 E
792 1432 906 1488 contra
929 1423 1105 1486 Trentones
1125 1418 1278 1483 babentes
1298 1419 1383 1481 mul·

277 1536 446 1601 titudinem
477 1532 712 1599 conductomm
733 1541 948 1605 armatorum,
971 1527 1158 1595 dividebant
1178 1547 1269 1589 suum
1290 1546 1385 1590 exer·

277 1645 374 1708 eitum
407 1651 522 1705 contra
555 1661 666 1705 omnes
699 1639 901 1704 obsidionum
923 1647 1051 1722 partes,
1085 1646 1182 1721 atque
1202 1635 1329 1700 viriliter
1349 1653 1383 1698 se

278 1749 320 1814 ad
350 1746 556 1812 resistendum
585 1747 834 1831 praeparabant.
887 1745 984 1810 Facta
1018 1754 1124 1809 autem
1156 1743 1383 1828 congressione

276 1865 451 1943 pugnatum
482 1864 528 1917 est
559 1853 637 1918 hine
669 1865 700 1918 et
732 1853 810 1917 iude
841 1854 965 1918 aeriter.
1008 1854 1183 1918 Treutones
1215 1861 1319 1916 autem
1341 1851 1381 1912 in

278 1965 405 2038 amicis,
427 1982 509 2047 quos
529 1963 613 2026 iuter
633 1962 780 2026 inimicos
800 1959 978 2036 habebant,
1002 1961 1221 2034 confidentes,
1244 1968 1381 2044 sponte,

277 2073 333 2138 sed
364 2082 469 2136 tamen
499 2071 675 2136 adfaciem
697 2071 787 2154 quasi
809 2070 896 2136 iuviti
908 2115 916 2145 ‚
952 2069 1099 2134 inimicos
1119 2069 1201 2132 iutra
1221 2089 1295 2132 suae
1319 2078 1385 2133 ter·

278 2202 331 2246 rae
363 2181 554 2244 munitiones
583 2180 796 2253 admiserunt,
829 2188 910 2264 quot
941 2179 982 2242 ad
1014 2179 1165 2263 praedam
1187 2188 1218 2242 et
1238 2178 1386 2242 interne·

278 2293 405 2356 cionem
439 2288 554 2352 babere
586 2289 765 2352 votuerunt.
810 2287 872 2351 Sed
902 2288 981 2351 dato
1011 2288 1103 2371 siguo
1135 2287 1244 2351 vexilla
1269 2285 1386 2370 prodi-

279 2409 384 2463 torum
415 2406 488 2458 sunt
518 2394 657 2466 deiecta,
692 2395 893 2478 populusque
922 2397 957 2458 in
986 2395 1094 2481 sugam
1124 2415 1294 2461 conversus
1325 2403 1384 2459 est.

279 2507 407 2569 iliorum
429 2511 545 2576 autem,
567 2502 623 2586 qui
644 2500 843 2566 obsidionem
865 2523 920 2567 seu
940 2506 1152 2568 munitionem
1173 2505 1383 2580 intraverant,
1455 2485 1456 2490 ἵ

280 2611 331 2676 alii
363 2610 468 2693 capti.
502 2609 554 2674 alii
583 2609 758 2686 vulnerati,
794 2610 845 2674 alii
876 2611 917 2675 ab
950 2611 1089 2676 hostibus
1121 2611 1286 2676 crudeliter
1307 2621 1386 2674 sunt

280 2721 395 2795 occisi,
430 2719 513 2783 inter
544 2737 625 2803 quos
654 2728 684 2782 et
714 2718 830 2784 nobilis
850 2720 989 2783 Hesselus
1010 2718 1150 2783 decanus
1170 2720 1211 2782 de
1232 2718 1386 2806 Oestergo

279 2829 462 2894 interiectus
482 2837 539 2891 est.
581 2826 697 2890 Audita
719 2838 826 2891 autem
848 2828 933 2891 sama
953 2829 1047 2914 fugae
1067 2829 1163 2891 unius
1184 2827 1382 2905 obsidionis,

280 2938 426 3021 fugeruut
456 2945 486 2997 et
507 2933 563 3017 qui
584 2934 618 2994 iu
642 2934 703 2997 alia
725 2934 864 2999 suerunt.
907 2936 945 2999 Et
967 2938 1011 3002 sic
1033 2937 1090 3013 itti,
1128 2937 1172 3000 sic
1193 2947 1224 3000 et
1244 2937 1293 2999 isti
1315 2937 1388 3004 vul·

280 3042 397 3114 nunti,
430 3046 515 3125 capti
543 3051 575 3104 et
604 3041 700 3106 occisi
732 3053 821 3116 suut,
853 3044 910 3128 qui
940 3044 1077 3129 effugere
1108 3065 1178 3107 non
1199 3054 1385 3128 potnerunt.

280 3151 453 3234 Episcopus
486 3160 612 3224 nutem,
647 3151 704 3233 qui
735 3151 797 3213 iam
828 3161 927 3216 terrae
948 3152 1064 3216 hostilis
1086 3173 1237 3237 magnam
1259 3164 1385 3238 partem

279 3260 470 3331 intraverat.
502 3256 615 3320 auditis
643 3278 727 3340 quae
756 3259 817 3340 suis
849 3261 1068 3344 contigerant,
1101 3261 1270 3325 exercitum
1291 3283 1385 3324 suum

279 3367 425 3438 retraxit,
458 3372 490 3427 et
511 3363 553 3428 ad
574 3383 630 3427 sna
651 3375 755 3428 eastra
776 3365 915 3429 illaesum
935 3367 1070 3433 reduxit.
1113 3369 1258 3434 Decanus
1278 3379 1385 3434 autem

278 3473 418 3539 Hesseius
449 3473 533 3536 inter
564 3481 706 3536 mortuos
727 3475 885 3557 quaesitus
905 3485 935 3538 et
955 3475 1119 3548 inventus.
1151 3477 1184 3540 in
1215 3498 1303 3541 sunm
1324 3498 1389 3562 pa·

277 3585 369 3647 triam
391 3601 465 3648 cum
484 3580 641 3644 lachrimis
660 3602 789 3646 suorum
811 3583 972 3659 reduetus,
993 3585 1025 3647 in
1036 3586 1135 3648 Horto
1146 3585 1257 3650 beatae
1267 3587 1387 3650 Mariae

277 3689 432 3772 sepelitur.
475 3687 613 3751 Tandem
635 3699 707 3772 post
730 3692 844 3754 multos
863 3693 1049 3768 conflictus,
1086 3714 1168 3779 quos
1188 3692 1387 3760 Wibrandue

276 3797 442 3881 episeopus
462 3792 570 3856 habuit
591 3804 707 3858 contra
728 3795 936 3881 Rodotphum
958 3801 1161 3864 castellanum
1182 3801 1379 3878 Covordiae,

277 3906 428 3970 induciae
459 3903 563 3967 fectae
594 3913 664 3966 sunt
699 3905 879 3990 quindecim
901 3906 1033 3973 dierum.
1077 3908 1168 3972 Tunc
1189 3908 1383 3995 Rodolpbus

275 4036 350 4078 eum
382 4032 451 4075 uno
472 4012 587 4076 comite
618 4021 758 4096 cognato
790 4034 848 4078 suo
868 4016 955 4080 venit
977 4016 1200 4081 Herdenbereb
1220 4019 1253 4080 in
1275 4030 1383 4085 castro

274 4140 350 4182 cum
381 4122 532 4205 episcopo
565 4120 605 4183 de
637 4121 876 4188 conditionibus
905 4130 992 4206 pacis
1024 4133 1226 4190 tractaturus.
1278 4129 1383 4210 Quem

277 4227 416 4293 videntes
436 4240 617 4304 castrenses,
641 4250 712 4292 eum
729 4240 893 4316 tamquam
915 4233 1226 4296 excommunicatum
1249 4245 1383 4318 captum
